
@article{Aberg2006,
  title = {Quantifying {{Superposition}}},
  author = {{\AA}berg, Johan},
  year = {2006},
  month = dec,
  eprint = {quant-ph/0612146},
  eprinttype = {arxiv},
  url = {http://arxiv.org/abs/quant-ph/0612146},
  urldate = {2022-03-06},
  archiveprefix = {arXiv},
  langid = {english}
}

@article{Abramovich1993,
  title = {Derivation of {{Broadband}} and {{Narrowband Excitation Pulses Using}} the {{Floquet Formalism}}},
  author = {Abramovich, D. and Vega, S.},
  year = {1993},
  month = oct,
  journal = {Journal of Magnetic Resonance, Series A},
  volume = {105},
  number = {1},
  pages = {30--48},
  issn = {10641858},
  doi = {10.1006/jmra.1993.1245},
  url = {http://linkinghub.elsevier.com/retrieve/pii/S1064185883712453}
}

@article{Ahmadi2017,
  title = {Observation of the Hyperfine Spectrum of Antihydrogen},
  author = {Ahmadi, M. and Alves, B. X. R. and Baker, C. J. and Bertsche, W. and Butler, E. and Capra, A. and Carruth, C. and Cesar, C. L. and Charlton, M. and Cohen, S. and Collister, R. and Eriksson, S. and Evans, A. and Evetts, N. and Fajans, J. and Friesen, T. and Fujiwara, M. C. and Gill, D. R. and Gutierrez, A. and Hangst, J. S. and Hardy, W. N. and Hayden, M. E. and Isaac, C. A. and Ishida, A. and Johnson, M. A. and Jones, S. A. and Jonsell, S. and Kurchaninov, L. and Madsen, N. and Mathers, M. and Maxwell, D. and McKenna, J. T. K. and Menary, S. and Michan, J. M. and Momose, T. and Munich, J. J. and Nolan, P. and Olchanski, K. and Olin, A. and Pusa, P. and Rasmussen, C. {\O}. and Robicheaux, F. and Sacramento, R. L. and Sameed, M. and Sarid, E. and Silveira, D. M. and Stracka, S. and Stutter, G. and So, C. and Tharp, T. D. and Thompson, J. E. and Thompson, R. I. and {van der Werf}, D. P. and Wurtele, J. S.},
  year = {2017},
  month = aug,
  journal = {Nature},
  volume = {548},
  number = {7665},
  pages = {66--69},
  issn = {0028-0836},
  doi = {10.1038/nature23446},
  url = {http://www.nature.com/doifinder/10.1038/nature23446},
  isbn = {0028-0836},
  pmid = {6741581}
}

@phdthesis{Allcock2011,
  title = {Surface-{{Electrode Ion Traps}} for {{Scalable Quantum Computing}}},
  author = {Allcock, D. T. C.},
  year = {2011},
  school = {Hertford College, University of Oxford}
}

@article{Amirav1980,
  title = {Coherent Dynamics of Multilevel Systems},
  author = {Amirav, A. and Even, U. and Jortner, J. and Kleinman, L.},
  year = {1980},
  month = nov,
  journal = {The Journal of Chemical Physics},
  volume = {73},
  number = {9},
  pages = {4217--4233},
  issn = {0021-9606},
  doi = {10.1063/1.440705},
  url = {http://aip.scitation.org/doi/10.1063/1.440705}
}

@article{An2018,
  title = {Surface Trap with Dc-Tunable Ion-Electrode Distance},
  author = {An, D. and Matthiesen, C. and Abdelrahman, A. and {Berlin-Udi}, M. and Gorman, D. and M{\"o}ller, S. and Urban, E. and H{\"a}ffner, H.},
  year = {2018},
  month = sep,
  journal = {Review of Scientific Instruments},
  volume = {89},
  number = {9},
  eprint = {1807.06043},
  eprinttype = {arxiv},
  pages = {093102},
  issn = {0034-6748},
  doi = {10.1063/1.5046527},
  url = {http://aip.scitation.org/doi/10.1063/1.5046527},
  archiveprefix = {arXiv}
}

@article{Arrazola2018,
  title = {Pulsed Dynamical Decoupling for Fast and Robust Two-Qubit Gates on Trapped Ions},
  author = {Arrazola, I. and Casanova, J. and Pedernales, J. S. and Wang, Z.-Y. and Solano, E. and Plenio, M. B.},
  year = {2018},
  month = may,
  journal = {Physical Review A},
  volume = {97},
  number = {5},
  pages = {052312},
  publisher = {{American Physical Society}},
  issn = {2469-9926},
  doi = {10.1103/PhysRevA.97.052312},
  url = {https://link.aps.org/doi/10.1103/PhysRevA.97.052312}
}

@article{Arute2019,
  title = {Quantum Supremacy Using a Programmable Superconducting Processor},
  author = {Arute, Frank and Arya, Kunal and Babbush, Ryan and Bacon, Dave and Bardin, Joseph C. and Barends, Rami and Biswas, Rupak and Boixo, Sergio and Brandao, Fernando G. S. L. and Buell, David A. and Burkett, Brian and Chen, Yu and Chen, Zijun and Chiaro, Ben and Collins, Roberto and Courtney, William and Dunsworth, Andrew and Farhi, Edward and Foxen, Brooks and Fowler, Austin and Gidney, Craig and Giustina, Marissa and Graff, Rob and Guerin, Keith and Habegger, Steve and Harrigan, Matthew P. and Hartmann, Michael J. and Ho, Alan and Hoffmann, Markus and Huang, Trent and Humble, Travis S. and Isakov, Sergei V. and Jeffrey, Evan and Jiang, Zhang and Kafri, Dvir and Kechedzhi, Kostyantyn and Kelly, Julian and Klimov, Paul V. and Knysh, Sergey and Korotkov, Alexander and Kostritsa, Fedor and Landhuis, David and Lindmark, Mike and Lucero, Erik and Lyakh, Dmitry and Mandr{\`a}, Salvatore and McClean, Jarrod R. and McEwen, Matthew and Megrant, Anthony and Mi, Xiao and Michielsen, Kristel and Mohseni, Masoud and Mutus, Josh and Naaman, Ofer and Neeley, Matthew and Neill, Charles and Niu, Murphy Yuezhen and Ostby, Eric and Petukhov, Andre and Platt, John C. and Quintana, Chris and Rieffel, Eleanor G. and Roushan, Pedram and Rubin, Nicholas C. and Sank, Daniel and Satzinger, Kevin J. and Smelyanskiy, Vadim and Sung, Kevin J. and Trevithick, Matthew D. and Vainsencher, Amit and Villalonga, Benjamin and White, Theodore and Yao, Z. Jamie and Yeh, Ping and Zalcman, Adam and Neven, Hartmut and Martinis, John M.},
  year = {2019},
  month = oct,
  journal = {Nature},
  volume = {574},
  number = {7779},
  pages = {505--510},
  issn = {0028-0836, 1476-4687},
  doi = {10.1038/s41586-019-1666-5},
  url = {http://www.nature.com/articles/s41586-019-1666-5},
  urldate = {2022-04-29},
  langid = {english}
}

@article{Aspelmeyer2014,
  title = {Cavity Optomechanics},
  author = {Aspelmeyer, M. and Kippenberg, T. J. and Marquardt, F.},
  year = {2014},
  month = dec,
  journal = {Reviews of Modern Physics},
  volume = {86},
  number = {4},
  eprint = {1303.0733},
  eprinttype = {arxiv},
  pages = {1391--1452},
  issn = {0034-6861},
  doi = {10.1103/RevModPhys.86.1391},
  url = {https://link.aps.org/doi/10.1103/RevModPhys.86.1391},
  archiveprefix = {arXiv}
}

@article{Ayoub1980,
  title = {Paolo {{Ruffini}}'s Contributions to the Quintic},
  author = {Ayoub, R. G.},
  year = {1980},
  journal = {Archive for History of Exact Sciences},
  volume = {23},
  number = {3},
  pages = {253--277},
  issn = {0003-9519},
  doi = {10.1007/BF00357046},
  url = {http://link.springer.com/10.1007/BF00357046}
}

@article{Ballance2016,
  title = {High-{{Fidelity Quantum Logic Gates Using Trapped-Ion Hyperfine Qubits}}},
  author = {Ballance, C. J. and Harty, T. P. and Linke, N. M. and Sepiol, M. A. and Lucas, D. M.},
  year = {2016},
  month = aug,
  journal = {Physical Review Letters},
  volume = {117},
  number = {6},
  eprint = {1512.04600},
  eprinttype = {arxiv},
  pages = {060504},
  issn = {0031-9007},
  doi = {10.1103/PhysRevLett.117.060504},
  url = {https://link.aps.org/doi/10.1103/PhysRevLett.117.060504},
  archiveprefix = {arXiv},
  pmid = {27541450}
}

@article{Balouchi2014,
  title = {Optimal Measurement-Based Feedback Control for a Single Qubit: A Candidate Protocol},
  author = {Balouchi, Ashkan and Jacobs, Kurt},
  year = {2014},
  month = sep,
  journal = {New Journal of Physics},
  volume = {16},
  number = {9},
  eprint = {1407.8172},
  eprinttype = {arxiv},
  pages = {093059},
  publisher = {{IOP Publishing}},
  issn = {1367-2630},
  doi = {10.1088/1367-2630/16/9/093059},
  url = {https://iopscience.iop.org/article/10.1088/1367-2630/16/9/093059},
  archiveprefix = {arXiv}
}

@article{Barends2014,
  title = {Superconducting Quantum Circuits at the Surface Code Threshold for Fault Tolerance},
  author = {Barends, R. and Kelly, J. and Megrant, A. and Veitia, A. and Sank, D. and Jeffrey, E. and White, T. C. and Mutus, J. and Fowler, A. G. and Campbell, B. and Chen, Y. and Chen, Z. and Chiaro, B. and Dunsworth, A. and Neill, C. and O'Malley, P. and Roushan, P. and Vainsencher, A. and Wenner, J. and Korotkov, A. N. and Cleland, A. N. and Martinis, J. M.},
  year = {2014},
  month = apr,
  journal = {Nature},
  volume = {508},
  number = {7497},
  pages = {500--503},
  publisher = {{Nature Publishing Group}},
  issn = {0028-0836},
  doi = {10.1038/nature13171},
  url = {http://www.nature.com/articles/nature13171}
}

@article{Bartels2013,
  title = {Smooth Optimal Control with {{Floquet}} Theory},
  author = {Bartels, B. and Mintert, F.},
  year = {2013},
  month = nov,
  journal = {Physical Review A},
  volume = {88},
  number = {5},
  eprint = {1205.5142},
  eprinttype = {arxiv},
  pages = {052315},
  issn = {1050-2947},
  doi = {10.1103/PhysRevA.88.052315},
  url = {https://link.aps.org/doi/10.1103/PhysRevA.88.052315},
  archiveprefix = {arXiv}
}

@article{Barton2000,
  title = {Measurement of the Lifetime of the \$3d\^{{2D}}\_\{5/2\}\$ State in \$\^\{40\}\${{Ca}}\$\^+\$},
  author = {Barton, P. A. and Donald, C. J. S. and Lucas, D. M. and Stevens, D. A. and Steane, A. M. and Stacey, D. N.},
  year = {2000},
  month = aug,
  journal = {Physical Review A},
  volume = {62},
  number = {3},
  pages = {032503},
  issn = {1050-2947},
  doi = {10.1103/PhysRevA.62.032503},
  url = {https://link.aps.org/doi/10.1103/PhysRevA.62.032503}
}

@article{Baumgratz2014,
  title = {Quantifying {{Coherence}}},
  author = {Baumgratz, T. and Cramer, M. and Plenio, M. B.},
  year = {2014},
  month = sep,
  journal = {Physical Review Letters},
  volume = {113},
  number = {14},
  eprint = {1311.0275},
  eprinttype = {arxiv},
  pages = {140401},
  issn = {0031-9007},
  doi = {10.1103/PhysRevLett.113.140401},
  url = {https://link.aps.org/doi/10.1103/PhysRevLett.113.140401},
  archiveprefix = {arXiv}
}

@article{Ben-Kish2003,
  title = {Experimental {{Demonstration}} of a {{Technique}} to {{Generate Arbitrary Quantum Superposition States}} of a {{Harmonically Bound Spin-1}}/2 {{Particle}}},
  author = {{Ben-Kish}, A. and DeMarco, B. and Meyer, V. and Rowe, M. and Britton, J. and Itano, W. M. and Jelenkovi{\'c}, B. M. and Langer, C. and Leibfried, D. and Rosenband, T. and Wineland, D. J.},
  year = {2003},
  month = jan,
  journal = {Physical Review Letters},
  volume = {90},
  number = {3},
  pages = {037902},
  issn = {0031-9007},
  doi = {10.1103/PhysRevLett.90.037902},
  url = {https://link.aps.org/doi/10.1103/PhysRevLett.90.037902}
}

@article{Benhelm2008,
  title = {Towards Fault-Tolerant Quantum Computing with Trapped Ions},
  author = {Benhelm, J. and Kirchmair, G. and Roos, C. F. and Blatt, R.},
  year = {2008},
  month = jun,
  journal = {Nature Physics},
  volume = {4},
  number = {6},
  eprint = {0803.2798},
  eprinttype = {arxiv},
  pages = {463--466},
  issn = {1745-2473},
  doi = {10.1038/nphys961},
  url = {http://www.nature.com/articles/nphys961},
  archiveprefix = {arXiv},
  isbn = {1745-2473}
}

@article{Benioff1980,
  title = {The Computer as a Physical System: {{A}} Microscopic Quantum Mechanical {{Hamiltonian}} Model of Computers as Represented by {{Turing}} Machines},
  shorttitle = {The Computer as a Physical System},
  author = {Benioff, Paul},
  year = {1980},
  month = may,
  journal = {Journal of Statistical Physics},
  volume = {22},
  number = {5},
  pages = {563--591},
  issn = {0022-4715, 1572-9613},
  doi = {10.1007/BF01011339},
  url = {http://link.springer.com/10.1007/BF01011339},
  urldate = {2022-04-29},
  langid = {english}
}

@article{Benioff1982,
  title = {Quantum Mechanical {{Hamiltonian}} Models of {{Turing}} Machines},
  author = {Benioff, Paul},
  year = {1982},
  month = nov,
  journal = {Journal of Statistical Physics},
  volume = {29},
  number = {3},
  pages = {515--546},
  issn = {0022-4715, 1572-9613},
  doi = {10.1007/BF01342185},
  url = {http://link.springer.com/10.1007/BF01342185},
  urldate = {2022-04-29},
  langid = {english}
}

@article{Bennett1996,
  title = {Purification of {{Noisy Entanglement}} and {{Faithful Teleportation}} via {{Noisy Channels}}},
  author = {Bennett, Charles H. and Brassard, Gilles and Popescu, Sandu and Schumacher, Benjamin and Smolin, John A. and Wootters, William K.},
  year = {1996},
  month = jan,
  journal = {Physical Review Letters},
  volume = {76},
  number = {5},
  pages = {722--725},
  issn = {0031-9007, 1079-7114},
  doi = {10.1103/PhysRevLett.76.722},
  url = {https://link.aps.org/doi/10.1103/PhysRevLett.76.722},
  urldate = {2022-03-05},
  langid = {english}
}

@article{Bennett1996a,
  title = {Mixed-State Entanglement and Quantum Error Correction},
  author = {Bennett, Charles H. and DiVincenzo, David P. and Smolin, John A. and Wootters, William K.},
  year = {1996},
  month = nov,
  journal = {Physical Review A},
  volume = {54},
  number = {5},
  pages = {3824--3851},
  issn = {1050-2947, 1094-1622},
  doi = {10.1103/PhysRevA.54.3824},
  url = {https://link.aps.org/doi/10.1103/PhysRevA.54.3824},
  urldate = {2022-03-05},
  langid = {english}
}

@article{Berg2020,
  title = {Efficient {{Bayesian}} Phase Estimation Using Mixed Priors},
  author = {van den Berg, Ewout},
  year = {2020},
  month = jul,
  eprint = {2007.11629},
  eprinttype = {arxiv},
  pages = {1--16},
  url = {http://arxiv.org/abs/2007.11629},
  archiveprefix = {arXiv}
}

@article{Bermudez2012,
  title = {Robust Trapped-Ion Quantum Logic Gates by Continuous Dynamical Decoupling},
  author = {Bermudez, A. and Schmidt, P. O. and Plenio, M. B. and Retzker, A.},
  year = {2012},
  month = apr,
  journal = {Physical Review A},
  volume = {85},
  number = {4},
  eprint = {1110.1870},
  eprinttype = {arxiv},
  pages = {040302(R)},
  issn = {1050-2947},
  doi = {10.1103/PhysRevA.85.040302},
  url = {https://link.aps.org/doi/10.1103/PhysRevA.85.040302},
  archiveprefix = {arXiv},
  isbn = {1050-2947}
}

@article{Bermudez2017,
  title = {Assessing the {{Progress}} of {{Trapped-Ion Processors Towards Fault-Tolerant Quantum Computation}}},
  author = {Bermudez, A. and Xu, X. and Nigmatullin, R. and O'Gorman, J. and Negnevitsky, V. and Schindler, P. and Monz, T. and Poschinger, U. G. and Hempel, C. and Home, J. and {Schmidt-Kaler}, F. and Biercuk, M. and Blatt, R. and Benjamin, S. and M{\"u}ller, M.},
  year = {2017},
  month = dec,
  journal = {Physical Review X},
  volume = {7},
  number = {4},
  eprint = {1705.02771},
  eprinttype = {arxiv},
  pages = {041061},
  issn = {2160-3308},
  doi = {10.1103/PhysRevX.7.041061},
  url = {https://link.aps.org/doi/10.1103/PhysRevX.7.041061},
  archiveprefix = {arXiv}
}

@article{Berni2015,
  title = {Ab Initio Quantum-Enhanced Optical Phase Estimation Using Real-Time Feedback Control},
  author = {Berni, Adriano A. and Gehring, Tobias and Nielsen, Bo M. and H{\"a}ndchen, Vitus and Paris, Matteo G.A. and Andersen, Ulrik L.},
  year = {2015},
  journal = {Nature Photonics},
  volume = {9},
  number = {9},
  pages = {577--581},
  publisher = {{Nature Publishing Group}},
  issn = {17494893},
  doi = {10.1038/nphoton.2015.139}
}

@article{Bernstein2017,
  title = {Post-Quantum Cryptography},
  author = {Bernstein, D. J. and Lange, T.},
  year = {2017},
  month = sep,
  journal = {Nature},
  volume = {549},
  number = {7671},
  pages = {188--194},
  publisher = {{Nature Publishing Group}},
  issn = {0028-0836},
  doi = {10.1038/nature23461},
  url = {http://dx.doi.org/10.1038/nature23461}
}

@phdthesis{Bishop2010,
  title = {Circuit {{Quantum Electrodynamics}}},
  author = {Bishop, Lev S},
  year = {2010},
  langid = {english},
  school = {Yale University}
}

@article{Biswas2017,
  title = {Interferometric Visibility and Coherence},
  author = {Biswas, T. and Garc{\'i}a D{\'i}az, M. and Winter, A.},
  year = {2017},
  month = jul,
  journal = {Proceedings of the Royal Society A},
  volume = {473},
  number = {2203},
  eprint = {1311.0275},
  eprinttype = {arxiv},
  pages = {20170170},
  issn = {1364-5021},
  doi = {10.1098/rspa.2017.0170},
  url = {http://rspa.royalsocietypublishing.org/lookup/doi/10.1098/rspa.2017.0170},
  archiveprefix = {arXiv},
  isbn = {0021-9606 (Print)\textbackslash r0021-9606 (Linking)},
  pmid = {18563150}
}

@article{Blanes1998,
  title = {Magnus and {{Fer}} Expansions for Matrix Differential Equations: The Convergence Problem},
  author = {Blanes, S. and Casas, F. and Oteo, J. A. and Ros, J.},
  year = {1998},
  month = jan,
  journal = {Journal of Physics A: Mathematical and General},
  volume = {31},
  number = {1},
  pages = {259--268},
  issn = {0305-4470},
  doi = {10.1088/0305-4470/31/1/023},
  url = {http://stacks.iop.org/0305-4470/31/i=1/a=023?key=crossref.475a8c65331b0c2b0dee9b29edbf9fe0}
}

@article{Blatt2008,
  title = {Entangled States of Trapped Atomic Ions},
  author = {Blatt, R. and Wineland, D. J.},
  year = {2008},
  month = jun,
  journal = {Nature},
  volume = {453},
  number = {7198},
  pages = {1008--1015},
  issn = {0028-0836},
  doi = {10.1038/nature07125},
  url = {http://www.nature.com/doifinder/10.1038/nature07125},
  isbn = {1476-4687 (Electronic)\textbackslash n0028-0836 (Linking)},
  pmid = {18563151}
}

@article{Blatt2012,
  title = {Quantum Simulations with Trapped Ions},
  author = {Blatt, R. and Roos, C. F.},
  year = {2012},
  journal = {Nature Physics},
  volume = {8},
  number = {4},
  eprint = {0905.0118},
  eprinttype = {arxiv},
  pages = {277--284},
  publisher = {{Nature Publishing Group}},
  issn = {1745-2473},
  doi = {10.1038/NPHYS2252},
  url = {http://dx.doi.org/10.1038/nphys2252},
  archiveprefix = {arXiv},
  isbn = {1745-2473}
}

@article{Blaum2010,
  title = {Penning Traps as a Versatile Tool for Precise Experiments in Fundamental Physics},
  author = {Blaum, K. and Novikov, Yu. N. and Werth, G.},
  year = {2010},
  month = mar,
  journal = {Contemporary Physics},
  volume = {51},
  number = {2},
  eprint = {0909.1095},
  eprinttype = {arxiv},
  pages = {149--175},
  issn = {0010-7514},
  doi = {10.1080/00107510903387652},
  url = {http://www.tandfonline.com/doi/abs/10.1080/00107510903387652},
  archiveprefix = {arXiv},
  isbn = {Contemporary Physics, Vol. 51, No. 2, March\textendash April 2010, pp. 149\textendash 175}
}

@article{Blumel2021,
  title = {Efficient {{Stabilized Two-Qubit Gates}} on a {{Trapped-Ion Quantum Computer}}},
  author = {Bl{\"u}mel, Reinhold and Grzesiak, Nikodem and Nguyen, Nhung H. and Green, Alaina M. and Li, Ming and Maksymov, Andrii and Linke, Norbert M. and Nam, Yunseong},
  year = {2021},
  month = jun,
  journal = {Physical Review Letters},
  volume = {126},
  number = {22},
  pages = {220503},
  issn = {0031-9007, 1079-7114},
  doi = {10.1103/PhysRevLett.126.220503},
  url = {https://link.aps.org/doi/10.1103/PhysRevLett.126.220503},
  urldate = {2022-01-24},
  langid = {english}
}

@article{Bluvstein2022,
  title = {A Quantum Processor Based on Coherent Transport of Entangled Atom Arrays},
  author = {Bluvstein, Dolev and Levine, Harry and Semeghini, Giulia and Wang, Tout T. and Ebadi, Sepehr and Kalinowski, Marcin and Keesling, Alexander and Maskara, Nishad and Pichler, Hannes and Greiner, Markus and Vuleti{\'c}, Vladan and Lukin, Mikhail D.},
  year = {2022},
  month = apr,
  journal = {Nature},
  volume = {604},
  number = {7906},
  pages = {451--456},
  issn = {0028-0836, 1476-4687},
  doi = {10.1038/s41586-022-04592-6},
  url = {https://www.nature.com/articles/s41586-022-04592-6},
  urldate = {2022-04-29},
  langid = {english}
}

@article{Bock2018,
  title = {High-Fidelity Entanglement between a Trapped Ion and a Telecom Photon via Quantum Frequency Conversion},
  author = {Bock, Matthias and Eich, Pascal and Kucera, Stephan and Kreis, Matthias and Lenhard, Andreas and Becher, Christoph and Eschner, J{\"u}rgen},
  year = {2018},
  month = dec,
  journal = {Nature Communications},
  volume = {9},
  number = {1},
  eprint = {1710.04866},
  eprinttype = {arxiv},
  pages = {1998},
  publisher = {{Springer US}},
  issn = {2041-1723},
  doi = {10.1038/s41467-018-04341-2},
  url = {http://dx.doi.org/10.1038/s41467-018-04341-2},
  archiveprefix = {arXiv},
  pmid = {29784941}
}

@book{Bonfiglioli2012,
  title = {Topics in {{Noncommutative Algebra}}: {{The Theorem}} of {{Campbell}}, {{Baker}}, {{Hausdorff}} and {{Dynkin}}},
  author = {Bonfiglioli, Andrea and Fulci, Roberta},
  year = {2012},
  series = {Lecture {{Notes}} in {{Mathematics}}},
  volume = {2034},
  publisher = {{Springer-Verlag}},
  address = {{Berlin, Heidelberg}},
  doi = {10.1007/978-3-642-22597-0},
  url = {http://link.springer.com/10.1007/978-3-642-22597-0},
  urldate = {2022-02-12},
  isbn = {978-3-642-22596-3 978-3-642-22597-0},
  langid = {english}
}

@article{Boyd2006,
  title = {Computing the Zeros, Maxima and Inflection Points of {{Chebyshev}}, {{Legendre}} and {{Fourier}} Series: Solving Transcendental Equations by Spectral Interpolation and Polynomial Rootfinding},
  author = {Boyd, J. P.},
  year = {2006},
  month = jan,
  journal = {Journal of Engineering Mathematics},
  volume = {56},
  number = {3},
  pages = {203--219},
  issn = {0022-0833},
  doi = {10.1007/s10665-006-9087-5},
  url = {http://link.springer.com/10.1007/s10665-006-9087-5}
}

@book{Bransden1983,
  title = {Physics of Atoms and Molecules},
  author = {Bransden, B. H. and Joachain, C. J.},
  year = {1983},
  publisher = {{Longman}},
  address = {{London ; New York}},
  isbn = {978-0-582-44401-0},
  lccn = {QC173 .B677 1987}
}

@phdthesis{Brebner2019,
  title = {Developing and Using Optimal Control Methods for Experimental Robustness},
  author = {Brebner, Gr{\'e}goire Xavier},
  year = {2019},
  langid = {english},
  school = {Imperial College London}
}

@book{Breuer2002,
  title = {The Theory of Open Quantum Systems},
  author = {Breuer, Heinz-Peter and Petruccione, F.},
  year = {2002},
  publisher = {{Oxford University Press}},
  address = {{Oxford ; New York}},
  isbn = {978-0-19-852063-4},
  langid = {english},
  lccn = {QC174.85.O6 B74 2002},
  annotation = {OCLC: ocm49872077}
}

@article{Brif2010,
  title = {Control of Quantum Phenomena: Past, Present and Future},
  author = {Brif, Constantin and Chakrabarti, Raj and Rabitz, Herschel},
  year = {2010},
  month = jul,
  journal = {New Journal of Physics},
  volume = {12},
  number = {7},
  eprint = {0912.5121},
  eprinttype = {arxiv},
  pages = {075008},
  issn = {1367-2630},
  doi = {10.1088/1367-2630/12/7/075008},
  url = {http://stacks.iop.org/1367-2630/12/i=7/a=075008?key=crossref.77a344443577b6cc05c060a399fa38e1},
  archiveprefix = {arXiv},
  isbn = {1367-2630}
}

@article{Brownnutt2015,
  title = {Ion-Trap Measurements of Electric-Field Noise near Surfaces},
  author = {Brownnutt, M. and Kumph, M. and Rabl, P. and Blatt, R.},
  year = {2015},
  month = dec,
  journal = {Reviews of Modern Physics},
  volume = {87},
  number = {4},
  eprint = {1409.6572},
  eprinttype = {arxiv},
  pages = {1419--1482},
  issn = {0034-6861},
  doi = {10.1103/RevModPhys.87.1419},
  url = {https://link.aps.org/doi/10.1103/RevModPhys.87.1419},
  archiveprefix = {arXiv},
  pmid = {26797802}
}

@article{Bruzewicz2019,
  title = {Trapped-Ion Quantum Computing: {{Progress}} and Challenges},
  author = {Bruzewicz, C. D. and Chiaverini, J. and McConnell, R. and Sage, J. M.},
  year = {2019},
  month = jun,
  journal = {Applied Physics Reviews},
  volume = {6},
  number = {2},
  eprint = {1904.04178},
  eprinttype = {arxiv},
  pages = {021314},
  publisher = {{AIP Publishing LLC}},
  issn = {1931-9401},
  doi = {10.1063/1.5088164},
  url = {http://aip.scitation.org/doi/10.1063/1.5088164},
  archiveprefix = {arXiv}
}

@phdthesis{Brydges2021,
  title = {Randomised {{Measurements}} with {{Strings}} of {{Trapped Ions}}},
  author = {Brydges, Tiff},
  year = {2021},
  school = {University of Innsbruck}
}

@article{Bukov2015,
  title = {Universal High-Frequency Behavior of Periodically Driven Systems: From Dynamical Stabilization to {{Floquet}} Engineering},
  author = {Bukov, M. and D'Alessio, L. and Polkovnikov, A.},
  year = {2015},
  month = mar,
  journal = {Advances in Physics},
  volume = {64},
  number = {2},
  eprint = {1407.4803},
  eprinttype = {arxiv},
  pages = {139--226},
  issn = {0001-8732},
  doi = {10.1080/00018732.2015.1055918},
  url = {http://arxiv.org/abs/1407.4803%0Ahttp://dx.doi.org/10.1080/00018732.2015.1055918},
  archiveprefix = {arXiv},
  isbn = {10.1080/00018732.2015.1055918}
}

@phdthesis{Burrell2010,
  title = {High {{Fidelity Readout}} of {{Trapped Ion Qubits}}},
  author = {Burrell, Alice},
  year = {2010},
  school = {University of Oxford}
}

@phdthesis{Callison2021,
  title = {Continuous-{{Time Quantum Computing}}},
  author = {Callison, Adam},
  year = {2021},
  langid = {english},
  school = {Imperial College London}
}

@article{Cao2020,
  title = {Quantum Biology Revisited},
  author = {Cao, Jianshu and Cogdell, Richard J. and Coker, David F. and Duan, Hong-Guang and Hauer, J{\"u}rgen and Kleinekath{\"o}fer, Ulrich and Jansen, Thomas L. C. and Man{\v c}al, Tom{\'a}{\v s} and Miller, R. J. Dwayne and Ogilvie, Jennifer P. and Prokhorenko, Valentyn I. and Renger, Thomas and Tan, Howe-Siang and Tempelaar, Roel and Thorwart, Michael and Thyrhaug, Erling and Westenhoff, Sebastian and Zigmantas, Donatas},
  year = {2020},
  month = apr,
  journal = {Science Advances},
  volume = {6},
  number = {14},
  pages = {eaaz4888},
  issn = {2375-2548},
  doi = {10.1126/sciadv.aaz4888},
  url = {https://advances.sciencemag.org/lookup/doi/10.1126/sciadv.aaz4888},
  pmid = {32284982}
}

@article{Cappellaro2009,
  title = {Coherence and {{Control}} of {{Quantum Registers Based}} on {{Electronic Spin}} in a {{Nuclear Spin Bath}}},
  author = {Cappellaro, P. and Jiang, L. and Hodges, J. S. and Lukin, M. D.},
  year = {2009},
  month = may,
  journal = {Physical Review Letters},
  volume = {102},
  number = {21},
  eprint = {0901.0444},
  eprinttype = {arxiv},
  pages = {210502},
  issn = {0031-9007},
  doi = {10.1103/PhysRevLett.102.210502},
  url = {https://link.aps.org/doi/10.1103/PhysRevLett.102.210502},
  archiveprefix = {arXiv},
  isbn = {0031-9007},
  pmid = {19519089}
}

@article{Carr1954,
  title = {Effects of {{Diffusion}} on {{Free Precession}} in {{Nuclear Magnetic Resonance Experiments}}},
  author = {Carr, H. Y. and Purcell, E. M.},
  year = {1954},
  month = may,
  journal = {Physical Review},
  volume = {94},
  number = {3},
  pages = {630--638},
  issn = {0031-899X},
  doi = {10.1103/PhysRev.94.630},
  url = {https://link.aps.org/doi/10.1103/PhysRev.94.630},
  isbn = {1098-0121},
  pmid = {23372008}
}

@book{Casella2002,
  title = {Statistical Inference},
  author = {Casella, George. and Berger, Roger L.},
  year = {2002},
  edition = {Second},
  publisher = {{Thomson Learning}},
  isbn = {978-0-534-24312-8}
}

@article{Castellini2019,
  title = {Indistinguishability-Enabled Coherence for Quantum Metrology},
  author = {Castellini, Alessia and Lo Franco, Rosario and Lami, Ludovico and Winter, Andreas and Adesso, Gerardo and Compagno, Giuseppe},
  year = {2019},
  month = jul,
  journal = {Physical Review A},
  volume = {100},
  number = {1},
  eprint = {1903.10582},
  eprinttype = {arxiv},
  pages = {012308},
  publisher = {{American Physical Society}},
  issn = {2469-9926},
  doi = {10.1103/PhysRevA.100.012308},
  url = {https://link.aps.org/doi/10.1103/PhysRevA.100.012308},
  archiveprefix = {arXiv}
}

@article{Chan2020,
  title = {On Higher-Order Moment and Cumulant Estimation},
  author = {Chan, Lok Hang and Chen, Kun and Li, Chunxue and Wong, Chung Wang and Yau, Chun Yip},
  year = {2020},
  month = mar,
  journal = {Journal of Statistical Computation and Simulation},
  volume = {90},
  number = {4},
  pages = {747--771},
  publisher = {{Taylor \& Francis}},
  issn = {0094-9655},
  doi = {10.1080/00949655.2019.1700987},
  url = {https://doi.org/10.1080/00949655.2019.1700987}
}

@article{Chin2017,
  title = {Generalized Coherence Concurrence and Path Distinguishability},
  author = {Chin, Seungbeom},
  year = {2017},
  month = nov,
  journal = {Journal of Physics A: Mathematical and Theoretical},
  volume = {50},
  number = {47},
  pages = {475302},
  issn = {1751-8113, 1751-8121},
  doi = {10.1088/1751-8121/aa908d},
  url = {https://iopscience.iop.org/article/10.1088/1751-8121/aa908d},
  urldate = {2022-03-08},
  langid = {english}
}

@article{Chitambar2019,
  title = {Quantum Resource Theories},
  author = {Chitambar, Eric and Gour, Gilad},
  year = {2019},
  month = apr,
  journal = {Reviews of Modern Physics},
  volume = {91},
  number = {2},
  pages = {025001},
  issn = {0034-6861, 1539-0756},
  doi = {10.1103/RevModPhys.91.025001},
  url = {https://link.aps.org/doi/10.1103/RevModPhys.91.025001},
  urldate = {2022-02-15},
  langid = {english}
}

@article{Choi2014,
  title = {Optimal {{Quantum Control}} of {{Multimode Couplings}} between {{Trapped Ion Qubits}} for {{Scalable Entanglement}}},
  author = {Choi, T. and Debnath, S. and Manning, T. A. and Figgatt, C. and Gong, Z.-X. and Duan, L.-M. and Monroe, C.},
  year = {2014},
  month = may,
  journal = {Physical Review Letters},
  volume = {112},
  number = {19},
  eprint = {1401.1575},
  eprinttype = {arxiv},
  pages = {190502},
  issn = {0031-9007},
  doi = {10.1103/PhysRevLett.112.190502},
  url = {https://link.aps.org/doi/10.1103/PhysRevLett.112.190502},
  archiveprefix = {arXiv}
}

@article{Chuang1998,
  title = {Experimental {{Implementation}} of {{Fast Quantum Searching}}},
  author = {Chuang, Isaac L. and Gershenfeld, Neil and Kubinec, Mark},
  year = {1998},
  month = apr,
  journal = {Physical Review Letters},
  volume = {80},
  number = {15},
  pages = {3408--3411},
  issn = {0031-9007, 1079-7114},
  doi = {10.1103/PhysRevLett.80.3408},
  url = {https://link.aps.org/doi/10.1103/PhysRevLett.80.3408},
  urldate = {2022-04-29},
  langid = {english}
}

@article{Cirac1995,
  title = {Quantum {{Computations}} with {{Cold Trapped Ions}}},
  author = {Cirac, J. I. and Zoller, P.},
  year = {1995},
  month = may,
  journal = {Physical Review Letters},
  volume = {74},
  number = {20},
  eprint = {quant-ph/0305129},
  eprinttype = {arxiv},
  pages = {4091--4094},
  issn = {0031-9007},
  doi = {10.1103/PhysRevLett.74.4091},
  url = {https://link.aps.org/doi/10.1103/PhysRevLett.74.4091},
  archiveprefix = {arXiv},
  isbn = {0031-9007},
  pmid = {10058410}
}

@phdthesis{Cirstoiu2018,
  title = {Irreversibility and {{Symmetry Principles}} in {{Quantum Information}}},
  author = {Cirstoiu, Cristina},
  year = {2018},
  langid = {english},
  school = {Imperial College London}
}

@article{Clark2021,
  title = {High-{{Fidelity Bell-State Preparation}} with {{Ca}}+ 40 {{Optical Qubits}}},
  author = {Clark, Craig R. and Tinkey, Holly N. and Sawyer, Brian C. and Meier, Adam M. and Burkhardt, Karl A. and Seck, Christopher M. and Shappert, Christopher M. and Guise, Nicholas D. and Volin, Curtis E. and Fallek, Spencer D. and Hayden, Harley T. and Rellergert, Wade G. and Brown, Kenton R.},
  year = {2021},
  month = sep,
  journal = {Physical Review Letters},
  volume = {127},
  number = {13},
  pages = {130505},
  issn = {0031-9007, 1079-7114},
  doi = {10.1103/PhysRevLett.127.130505},
  url = {https://link.aps.org/doi/10.1103/PhysRevLett.127.130505},
  urldate = {2021-12-19},
  langid = {english}
}

@mastersthesis{Collingbourne2017,
  title = {Entangling {{Gates For Quantum Computation}}},
  author = {Collingbourne, S.},
  year = {2017},
  school = {Imperial College London}
}

@article{Cools1993,
  title = {Monomial Cubature Rules since ``{{Stroud}}'': A Compilation},
  author = {Cools, Ronald and Rabinowitz, Philip},
  year = {1993},
  month = nov,
  journal = {Journal of Computational and Applied Mathematics},
  volume = {48},
  number = {3},
  pages = {309--326},
  issn = {03770427},
  doi = {10.1016/0377-0427(93)90027-9},
  url = {http://linkinghub.elsevier.com/retrieve/pii/0377042793900279},
  isbn = {0377-0427}
}

@article{Cools2003,
  title = {An Encyclopaedia of Cubature Formulas},
  author = {Cools, Ronald},
  year = {2003},
  month = jun,
  journal = {Journal of Complexity},
  volume = {19},
  number = {3},
  pages = {445--453},
  issn = {0885064X},
  doi = {10.1016/S0885-064X(03)00011-6},
  url = {http://linkinghub.elsevier.com/retrieve/pii/S0885064X03000116},
  isbn = {0885-064X}
}

@article{Corfield2021,
  title = {Certifying {{Multilevel Coherence}} in the {{Motional State}} of a {{Trapped Ion}}},
  author = {Corfield, Ollie and Lishman, Jake and Lee, Chungsun and Mosca Toba, Jacopo and Porter, George and Heinrich, Johannes M. and Webster, Simon C. and Mintert, Florian and Thompson, Richard C.},
  year = {2021},
  month = dec,
  journal = {PRX Quantum},
  volume = {2},
  number = {4},
  eprint = {2106.12939},
  eprinttype = {arxiv},
  pages = {040359},
  issn = {2691-3399},
  doi = {10.1103/PRXQuantum.2.040359},
  url = {https://link.aps.org/doi/10.1103/PRXQuantum.2.040359},
  urldate = {2021-12-27},
  archiveprefix = {arXiv},
  langid = {english}
}

@misc{Corfield2021Code,
  title = {Code Accompaniment to {\emph{(}}{{{\emph{Corfield}}}}{\emph{, }}{{{\emph{Lishman}}}}{\emph{ }}{\emph{{\emph{et al.}}}}{\emph{, 2021)}}},
  author = {Lishman, Jake},
  year = {2021},
  url = {https://github.com/ImperialCQD/Certifying-Multilevel-Coherence-in-the-Motional-State-of-a-Trapped-Ion}
}

@phdthesis{Corfield2022,
  title = {Quantum {{Coherence}} in {{Trapped Ions}}},
  author = {Corfield, Ollie},
  year = {2022},
  school = {Imperial College London}
}

@article{Cortez2017,
  title = {Rapid Estimation of Drifting Parameters in Continuously Measured Quantum Systems},
  author = {Cortez, Luis and Chantasri, Areeya and {Garc{\'i}a-Pintos}, Luis Pedro and Dressel, Justin and Jordan, Andrew N.},
  year = {2017},
  month = jan,
  journal = {Physical Review A},
  volume = {95},
  number = {1},
  pages = {012314},
  issn = {2469-9926},
  doi = {10.1103/PhysRevA.95.012314},
  url = {https://link.aps.org/doi/10.1103/PhysRevA.95.012314}
}

@article{Crain2014,
  title = {Individual Addressing of Trapped 171 {{Yb}} + Ion Qubits Using a Microelectromechanical Systems-Based Beam Steering System},
  author = {Crain, S. and Mount, E. and Baek, S. and Kim, J.},
  year = {2014},
  month = nov,
  journal = {Applied Physics Letters},
  volume = {105},
  number = {18},
  eprint = {1409.5362},
  eprinttype = {arxiv},
  pages = {181115},
  issn = {0003-6951},
  doi = {10.1063/1.4900754},
  url = {http://aip.scitation.org/doi/10.1063/1.4900754},
  archiveprefix = {arXiv},
  isbn = {0003-6951}
}

@book{Cramer1999,
  title = {Mathematical {{Methods}} of {{Statistics}}},
  author = {Cram{\'e}r, H.},
  year = {1999},
  publisher = {{Princeton University Press}},
  isbn = {978-0-691-08004-8}
}

@article{Cui2013,
  title = {Feedback Control of {{Rabi}} Oscillations in Circuit {{QED}}},
  author = {Cui, Wei and Nori, Franco},
  year = {2013},
  month = dec,
  journal = {Physical Review A},
  volume = {88},
  number = {6},
  eprint = {1304.5919},
  eprinttype = {arxiv},
  pages = {063823},
  issn = {1050-2947},
  doi = {10.1103/PhysRevA.88.063823},
  url = {https://link.aps.org/doi/10.1103/PhysRevA.88.063823},
  archiveprefix = {arXiv}
}

@article{Cui2015,
  title = {Robust Control of Long-Distance Entanglement in Disordered Spin Chains},
  author = {Cui, J. and Mintert, F.},
  year = {2015},
  month = sep,
  journal = {New Journal of Physics},
  volume = {17},
  number = {9},
  pages = {093014},
  publisher = {{IOP Publishing}},
  issn = {1367-2630},
  doi = {10.1088/1367-2630/17/9/093014},
  url = {http://stacks.iop.org/1367-2630/17/i=9/a=093014?key=crossref.5f8572739d5f154597b382afbee64b06}
}

@article{Dada2017,
  title = {Experimental Triple-Slit Interference in a Strongly Driven {{V-type}} Artificial Atom},
  author = {Dada, A. C. and Santana, T. S. and Koutroumanis, A. and Ma, Y. and Park, S.-I. and Song, J. and Gerardot, B. D.},
  year = {2017},
  month = aug,
  journal = {Physical Review B},
  volume = {96},
  number = {8},
  eprint = {1703.02308},
  eprinttype = {arxiv},
  pages = {081404},
  issn = {2469-9950},
  doi = {10.1103/PhysRevB.96.081404},
  url = {https://link.aps.org/doi/10.1103/PhysRevB.96.081404},
  archiveprefix = {arXiv}
}

@article{Daems2013,
  title = {Robust {{Quantum Control}} by a {{Single-Shot Shaped Pulse}}},
  author = {Daems, D. and Ruschhaupt, A. and Sugny, D. and Gu{\'e}rin, S.},
  year = {2013},
  month = jul,
  journal = {Physical Review Letters},
  volume = {111},
  number = {5},
  eprint = {1304.4016},
  eprinttype = {arxiv},
  pages = {050404},
  issn = {0031-9007},
  doi = {10.1103/PhysRevLett.111.050404},
  url = {https://link.aps.org/doi/10.1103/PhysRevLett.111.050404},
  archiveprefix = {arXiv}
}

@book{DAlessandro2008,
  title = {Introduction to {{Quantum Control}} and {{Dynamics}}},
  author = {D'Alessandro, D.},
  year = {2008},
  edition = {First},
  publisher = {{Chapman \& Hall/CRC}}
}

@phdthesis{Davis2021,
  title = {The {{Simulation}}, {{Composition}} and {{Shielding}} of {{Radiation-Induced X-ray-like Background}} in {{Space-Based X-ray Astronomy Missions}}},
  author = {Davis, Christopher S. W.},
  year = {2021},
  copyright = {Creative Commons Attribution Non Commercial No Derivatives 4.0 International, Creative Commons Attribution Non Commercial No Derivatives 4.0 International, Creative Commons Attribution Non Commercial No Derivatives 4.0 International},
  langid = {english},
  school = {Open University}
}

@article{Debnath2016,
  title = {Demonstration of a Small Programmable Quantum Computer with Atomic Qubits},
  author = {Debnath, S. and Linke, N. M. and Figgatt, C. and Landsman, K. A. and Wright, K. and Monroe, C.},
  year = {2016},
  month = aug,
  journal = {Nature},
  volume = {536},
  number = {7614},
  eprint = {1603.04512},
  eprinttype = {arxiv},
  pages = {63--66},
  publisher = {{Nature Publishing Group}},
  issn = {0028-0836},
  doi = {10.1038/nature18648},
  url = {http://dx.doi.org/10.1038/nature18648},
  archiveprefix = {arXiv},
  isbn = {0028-0836},
  pmid = {27488798}
}

@article{deFouquieres2011,
  title = {Second Order Gradient Ascent Pulse Engineering},
  author = {{de Fouquieres}, P. and Schirmer, S.G. and Glaser, S.J. and Kuprov, Ilya},
  year = {2011},
  month = oct,
  journal = {Journal of Magnetic Resonance},
  volume = {212},
  number = {2},
  eprint = {1102.4096},
  eprinttype = {arxiv},
  pages = {412--417},
  publisher = {{Elsevier Inc.}},
  issn = {10907807},
  doi = {10.1016/j.jmr.2011.07.023},
  url = {http://linkinghub.elsevier.com/retrieve/pii/S1090780711002552},
  archiveprefix = {arXiv},
  isbn = {1096-0856 (Electronic)\textbackslash n1090-7807 (Linking)},
  pmid = {21885306}
}

@incollection{Dehmelt1968,
  title = {Radiofrequency {{Spectroscopy}} of {{Stored Ions I}}: {{Storage}}},
  shorttitle = {Radiofrequency {{Spectroscopy}} of {{Stored Ions I}}},
  booktitle = {Advances in {{Atomic}} and {{Molecular Physics}}},
  author = {Dehmelt, H.G.},
  year = {1968},
  volume = {3},
  pages = {53--72},
  publisher = {{Elsevier}},
  doi = {10.1016/S0065-2199(08)60170-0},
  url = {https://linkinghub.elsevier.com/retrieve/pii/S0065219908601700},
  urldate = {2022-02-09},
  isbn = {978-0-12-003803-9},
  langid = {english}
}

@article{Dehmelt1973,
  title = {Imaginary {{Paper}}},
  author = {Dehmelt, H. G.},
  year = {1973},
  journal = {Bulletin of the American Physical Society},
  volume = {18},
  pages = {1521}
}

@mastersthesis{deNeeve2017,
  title = {Calibrating an {{Ion-Trap Quantum Computer}}},
  author = {{de Neeve}, Brennan},
  year = {2017},
  school = {ETH Z\"urich}
}

@article{Deutsch1985,
  title = {Quantum {{Theory}}, the {{Church-Turing Principle}} and the {{Universal Quantum Computer}}},
  author = {Deutsch, D.},
  year = {1985},
  month = jul,
  journal = {Proceedings of the Royal Society A: Mathematical, Physical and Engineering Sciences},
  volume = {400},
  number = {1818},
  pages = {97--117},
  issn = {1364-5021},
  doi = {10.1098/rspa.1985.0070},
  url = {http://rspa.royalsocietypublishing.org/cgi/doi/10.1098/rspa.1985.0070}
}

@article{Deutsch1989,
  title = {Quantum {{Computational Networks}}},
  author = {Deutsch, D.},
  year = {1989},
  month = sep,
  journal = {Proceedings of the Royal Society A},
  volume = {425},
  number = {1868},
  pages = {73--90},
  issn = {1364-5021},
  doi = {10.1098/rspa.1989.0099},
  url = {http://rspa.royalsocietypublishing.org/cgi/doi/10.1098/rspa.1989.0099}
}

@article{DiDonato1986,
  title = {Computation of the Incomplete Gamma Function Ratios and Their Inverse},
  author = {DiDonato, A. R. and Morris, Jr, A. H.},
  year = {1986},
  journal = {ACM Transactions on Mathematical Software},
  volume = {12},
  number = {4},
  pages = {377--393},
  doi = {10.1145/22721.23109},
  url = {https://dl.acm.org/citation.cfm?doid=22721.23109}
}

@article{Diedrich1989,
  title = {Laser {{Cooling}} to the {{Zero-Point Energy}} of {{Motion}}},
  author = {Diedrich, F. and Bergquist, J. C. and Itano, W. M. and Wineland, D. J.},
  year = {1989},
  month = jan,
  journal = {Physical Review Letters},
  volume = {62},
  number = {4},
  pages = {403--406},
  issn = {0031-9007},
  doi = {10.1103/PhysRevLett.62.403},
  url = {https://link.aps.org/doi/10.1103/PhysRevLett.62.403},
  isbn = {0031-9007},
  pmid = {10040224}
}

@phdthesis{Dive2017,
  title = {Controlling {{Open Quantum Systems}}},
  author = {Dive, Benjamin},
  year = {2017},
  langid = {english},
  school = {Imperial College London}
}

@article{Dive2020,
  title = {Characterisation of Multi-Level Quantum Coherence without Ideal Measurements},
  author = {Dive, B. and Koukoulekidis, N. and Mousafeiris, S. and Mintert, F.},
  year = {2020},
  month = feb,
  journal = {Physical Review Research},
  volume = {2},
  number = {1},
  eprint = {1901.08599},
  eprinttype = {arxiv},
  pages = {013220},
  publisher = {{American Physical Society}},
  issn = {2643-1564},
  doi = {10.1103/PhysRevResearch.2.013220},
  url = {https://link.aps.org/doi/10.1103/PhysRevResearch.2.013220},
  archiveprefix = {arXiv}
}

@article{DiVincenzo1995,
  title = {Two-Bit Gates Are Universal for Quantum Computation},
  author = {DiVincenzo, D. P.},
  year = {1995},
  month = feb,
  journal = {Physical Review A},
  volume = {51},
  number = {2},
  eprint = {cond-mat/9407022},
  eprinttype = {arxiv},
  pages = {1015--1022},
  issn = {1050-2947},
  doi = {10.1103/PhysRevA.51.1015},
  url = {https://link.aps.org/doi/10.1103/PhysRevA.51.1015},
  archiveprefix = {arXiv}
}

@article{DiVincenzo1996,
  title = {Fault-{{Tolerant Error Correction}} with {{Efficient Quantum Codes}}},
  author = {DiVincenzo, David P. and Shor, Peter W.},
  year = {1996},
  month = oct,
  journal = {Physical Review Letters},
  volume = {77},
  number = {15},
  pages = {3260--3263},
  issn = {0031-9007, 1079-7114},
  doi = {10.1103/PhysRevLett.77.3260},
  url = {https://link.aps.org/doi/10.1103/PhysRevLett.77.3260},
  urldate = {2022-04-29},
  langid = {english}
}

@article{DiVincenzo2000,
  title = {The {{Physical Implementation}} of {{Quantum Computation}}},
  author = {DiVincenzo, D. P.},
  year = {2000},
  month = sep,
  journal = {Fortschritte der Physik},
  volume = {48},
  number = {9-11},
  eprint = {quant-ph/0002077},
  eprinttype = {arxiv},
  pages = {771--783},
  issn = {00158208},
  doi = {10.1002/1521-3978(200009)48:9/11<771::AID-PROP771>3.0.CO;2-E},
  url = {http://arxiv.org/abs/quant-ph/0002077%0Ahttp://dx.doi.org/10.1002/1521-3978(200009)48:9/11%3C771::AID-PROP771%3E3.0.CO;2-E},
  archiveprefix = {arXiv},
  isbn = {1521-3978}
}

@article{Doria2011,
  title = {Optimal {{Control Technique}} for {{Many-Body Quantum Dynamics}}},
  author = {Doria, Patrick and Calarco, Tommaso and Montangero, Simone},
  year = {2011},
  month = may,
  journal = {Physical Review Letters},
  volume = {106},
  number = {19},
  eprint = {1003.3750},
  eprinttype = {arxiv},
  pages = {190501},
  issn = {0031-9007},
  doi = {10.1103/PhysRevLett.106.190501},
  url = {https://link.aps.org/doi/10.1103/PhysRevLett.106.190501},
  archiveprefix = {arXiv},
  isbn = {0031-9007},
  pmid = {21668132}
}

@article{Dunjko2016,
  title = {Quantum-{{Enhanced Machine Learning}}},
  author = {Dunjko, V. and Taylor, J. M. and Briegel, H. J.},
  year = {2016},
  month = sep,
  journal = {Physical Review Letters},
  volume = {117},
  number = {13},
  eprint = {1610.08251},
  eprinttype = {arxiv},
  pages = {130501},
  issn = {0031-9007},
  doi = {10.1103/PhysRevLett.117.130501},
  url = {https://link.aps.org/doi/10.1103/PhysRevLett.117.130501},
  archiveprefix = {arXiv}
}

@article{Dunjko2018,
  title = {Machine Learning \& Artificial Intelligence in the Quantum Domain: A Review of Recent Progress},
  author = {Dunjko, Vedran and Briegel, Hans J.},
  year = {2018},
  month = jul,
  journal = {Reports on Progress in Physics},
  volume = {81},
  number = {7},
  pages = {074001},
  publisher = {{IOP Publishing}},
  issn = {0034-4885},
  doi = {10.1088/1361-6633/aab406},
  url = {https://iopscience.iop.org/article/10.1088/1361-6633/aab406},
  pmid = {29504942}
}

@article{Dur2001,
  title = {Entanglement {{Capabilities}} of {{Nonlocal Hamiltonians}}},
  author = {D{\"u}r, W. and Vidal, G. and Cirac, J. I. and Linden, N. and Popescu, S.},
  year = {2001},
  month = sep,
  journal = {Physical Review Letters},
  volume = {87},
  number = {13},
  eprint = {quant-ph/0006034},
  eprinttype = {arxiv},
  pages = {137901},
  issn = {0031-9007},
  doi = {10.1103/PhysRevLett.87.137901},
  url = {https://link.aps.org/doi/10.1103/PhysRevLett.87.137901},
  archiveprefix = {arXiv},
  isbn = {0031-9007},
  pmid = {11580626}
}

@article{Dur2007,
  title = {Entanglement Purification and Quantum Error Correction},
  author = {D{\"u}r, W and Briegel, H J},
  year = {2007},
  month = aug,
  journal = {Reports on Progress in Physics},
  volume = {70},
  number = {8},
  pages = {1381--1424},
  issn = {0034-4885, 1361-6633},
  doi = {10.1088/0034-4885/70/8/R03},
  url = {https://iopscience.iop.org/article/10.1088/0034-4885/70/8/R03},
  urldate = {2022-02-15},
  langid = {english}
}

@article{Duwe2021,
  title = {Numerical Optimization of Amplitude-Modulated Pulses in Microwave-Driven Entanglement Generation},
  author = {Duwe, M. and Zarantonello, G. and {Pulido-Mateo}, N. and Mendpara, H. and Krinner, L. and {Bautista-Salvador}, A. and Vitanov, N. V. and Hammerer, K. and Werner, R. F. and Ospelkaus, C.},
  year = {2021},
  month = dec,
  journal = {arXiv:2112.07714 [quant-ph]},
  eprint = {2112.07714},
  eprinttype = {arxiv},
  primaryclass = {quant-ph},
  url = {http://arxiv.org/abs/2112.07714},
  urldate = {2021-12-28},
  archiveprefix = {arXiv},
  langid = {english}
}

@article{Eckardt2015,
  title = {High-Frequency Approximation for Periodically Driven Quantum Systems from a {{Floquet-space}} Perspective},
  author = {Eckardt, A. and Anisimovas, E.},
  year = {2015},
  month = sep,
  journal = {New Journal of Physics},
  volume = {17},
  number = {9},
  eprint = {1502.0647},
  eprinttype = {arxiv},
  pages = {093039},
  publisher = {{IOP Publishing}},
  issn = {1367-2630},
  doi = {10.1088/1367-2630/17/9/093039},
  url = {http://stacks.iop.org/1367-2630/17/i=9/a=093039?key=crossref.9049b99c771a35fba5020a2af4d4696c},
  archiveprefix = {arXiv},
  isbn = {doi:10.1088/1367-2630/17/9/093039}
}

@article{Edmunds2017,
  title = {Measuring and {{Suppressing Error Correlations}} in {{Quantum Circuits}}},
  author = {Edmunds, C. L. and Hempel, C. and Harris, R. and Ball, H. and Frey, V. and Stace, T. M. and Biercuk, M. J.},
  year = {2017},
  month = dec,
  eprint = {1712.04954},
  eprinttype = {arxiv},
  pages = {1--16},
  url = {http://arxiv.org/abs/1712.04954},
  archiveprefix = {arXiv}
}

@article{Egger2014,
  title = {Adaptive Hybrid Optimal Quantum Control for Imprecisely Characterized Systems},
  author = {Egger, D. J. and Wilhelm, F. K.},
  year = {2014},
  journal = {Physical Review Letters},
  volume = {112},
  number = {24},
  eprint = {1402.7193},
  eprinttype = {arxiv},
  pages = {1--5},
  issn = {10797114},
  doi = {10.1103/PhysRevLett.112.240503},
  archiveprefix = {arXiv},
  isbn = {1079-7114 (Electronic)\textbackslash r0031-9007 (Linking)},
  pmid = {24996074}
}

@article{Eschner2003,
  title = {Laser Cooling of Trapped Ions},
  author = {Eschner, J{\"u}rgen and Morigi, Giovanna and {Schmidt-Kaler}, Ferdinand and Blatt, Rainer},
  year = {2003},
  month = may,
  journal = {Journal of the Optical Society of America B},
  volume = {20},
  number = {5},
  pages = {1003},
  issn = {0740-3224, 1520-8540},
  doi = {10.1364/JOSAB.20.001003},
  url = {https://www.osapublishing.org/abstract.cfm?URI=josab-20-5-1003},
  urldate = {2022-01-19},
  langid = {english}
}

@article{Ettinger2004,
  title = {The Quantum Query Complexity of the Hidden Subgroup Problem Is Polynomial},
  author = {Ettinger, M. and H{\o}yer, P. and Knill, E.},
  year = {2004},
  month = jul,
  journal = {Information Processing Letters},
  volume = {91},
  number = {1},
  eprint = {quant-ph/0401083},
  eprinttype = {arxiv},
  pages = {43--48},
  issn = {00200190},
  doi = {10.1016/j.ipl.2004.01.024},
  url = {https://linkinghub.elsevier.com/retrieve/pii/S0020019004000845},
  archiveprefix = {arXiv}
}

@article{Feynman1982,
  title = {Simulating Physics with Computers},
  author = {Feynman, R. P.},
  year = {1982},
  month = jun,
  journal = {International Journal of Theoretical Physics},
  volume = {21},
  number = {6-7},
  pages = {467--488},
  issn = {0020-7748},
  doi = {10.1007/BF02650179},
  url = {http://link.springer.com/10.1007/BF02650179},
  isbn = {0020774815729575}
}

@book{Fleming1986,
  title = {Deterministic and {{Stochastic Optimal Control}}},
  author = {Fleming, W. H. and Rishel, R. W.},
  year = {1986},
  edition = {Third},
  publisher = {{Springer--Verlag}},
  address = {{New York, NY}},
  isbn = {0-387-90155-8}
}

@book{Fletcher1987,
  title = {Practical {{Methods}} of {{Optimization}}},
  author = {Fletcher, R.},
  year = {1987},
  edition = {Second},
  publisher = {{John Wiley \& Sons}},
  address = {{New York}},
  isbn = {978-0-471-91547-8}
}

@article{Floquet1883,
  title = {Sur Les \'Equations Diff\'erentielles Lin\'eaires \`a Coefficients P\'eriodiques},
  author = {Floquet, G.},
  year = {1883},
  journal = {Annales scientifiques de l'\'Ecole Normale Sup\'erieure},
  volume = {12},
  pages = {47--88},
  url = {https://eudml.org/doc/80895}
}

@techreport{Fluhmann2018,
  title = {Encoding a Qubit in a Trapped-Ion Mechanical Oscillator},
  author = {Fl{\"u}hmann, C. and Nguyen, T. L. and Marinelli, M. and Negnevitsky, V. and Mehta, K. and Home, J. P.},
  year = {2018},
  eprint = {1807.01033},
  eprinttype = {arxiv},
  url = {http://arxiv.org/abs/1807.01033},
  archiveprefix = {arXiv}
}

@article{Friis2018,
  title = {Observation of {{Entangled States}} of a {{Fully Controlled}} 20-{{Qubit System}}},
  author = {Friis, N. and Marty, O. and Maier, C. and Hempel, C. and Holz{\"a}pfel, M. and Jurcevic, P. and Plenio, M. B. and Huber, M. and Roos, C. F. and Blatt, R. and Lanyon, B.},
  year = {2018},
  month = apr,
  journal = {Physical Review X},
  volume = {8},
  number = {2},
  pages = {021012},
  publisher = {{American Physical Society}},
  issn = {2160-3308},
  doi = {10.1103/PhysRevX.8.021012},
  url = {https://link.aps.org/doi/10.1103/PhysRevX.8.021012}
}

@article{Gaebler2016,
  title = {High-{{Fidelity Universal Gate Set}} for {\textsuperscript{9}}{{Be}}{\textsuperscript{+}} {{Ion Qubits}}},
  author = {Gaebler, J. P. and Tan, T. R. and Lin, Y. and Wan, Y. and Bowler, R. and Keith, A. C. and Glancy, S. and Coakley, K. and Knill, E. and Leibfried, D. and Wineland, D. J.},
  year = {2016},
  month = aug,
  journal = {Physical Review Letters},
  volume = {117},
  number = {6},
  eprint = {1604.00032},
  eprinttype = {arxiv},
  pages = {060505},
  issn = {0031-9007},
  doi = {10.1103/PhysRevLett.117.060505},
  url = {https://link.aps.org/doi/10.1103/PhysRevLett.117.060505},
  archiveprefix = {arXiv},
  isbn = {9781943580279}
}

@article{Gammelmark2013,
  title = {Bayesian Parameter Inference from Continuously Monitored Quantum Systems},
  author = {Gammelmark, S{\o}ren and M{\o}lmer, Klaus},
  year = {2013},
  month = mar,
  journal = {Physical Review A},
  volume = {87},
  number = {3},
  eprint = {1212.5700},
  eprinttype = {arxiv},
  pages = {032115},
  issn = {1050-2947},
  doi = {10.1103/PhysRevA.87.032115},
  url = {https://link.aps.org/doi/10.1103/PhysRevA.87.032115},
  archiveprefix = {arXiv}
}

@article{Garcia-Ripoll2005,
  title = {Coherent Control of Trapped Ions Using Off-Resonant Lasers},
  author = {{Garc{\'i}a-Ripoll}, J. J. and Zoller, P. and Cirac, J. I.},
  year = {2005},
  month = jun,
  journal = {Physical Review A},
  volume = {71},
  number = {6},
  eprint = {quant-ph/0411103},
  eprinttype = {arxiv},
  pages = {062309},
  issn = {1050-2947},
  doi = {10.1103/PhysRevA.71.062309},
  url = {https://link.aps.org/doi/10.1103/PhysRevA.71.062309},
  archiveprefix = {arXiv}
}

@article{Gardiner1997,
  title = {Nonclassical States and Measurement of General Motional Observables of a Trapped Ion},
  author = {Gardiner, S. A. and Cirac, J. I. and Zoller, P.},
  year = {1997},
  month = mar,
  journal = {Physical Review A},
  volume = {55},
  number = {3},
  pages = {1683--1694},
  issn = {1050-2947},
  doi = {10.1103/PhysRevA.55.1683},
  url = {https://link.aps.org/doi/10.1103/PhysRevA.55.1683}
}

@article{Ge2019,
  title = {Trapped {{Ion Quantum Information Processing}} with {{Squeezed Phonons}}},
  author = {Ge, Wenchao and Sawyer, Brian C. and Britton, Joseph W. and Jacobs, Kurt and Bollinger, J. J. and {Foss-Feig}, Michael},
  year = {2019},
  month = jan,
  journal = {Physical Review Letters},
  volume = {122},
  number = {3},
  pages = {030501},
  publisher = {{American Physical Society}},
  issn = {0031-9007},
  doi = {10.1103/PhysRevLett.122.030501},
  url = {https://link.aps.org/doi/10.1103/PhysRevLett.122.030501}
}

@article{Gershenfeld1997,
  title = {Bulk {{Spin-Resonance Quantum Computation}}},
  author = {Gershenfeld, Neil A and Chuang, Isaac L},
  year = {1997},
  month = jan,
  journal = {Science},
  volume = {275},
  number = {5298},
  pages = {350--356},
  issn = {0036-8075},
  doi = {10.1126/science.275.5298.350},
  url = {http://www.sciencemag.org/cgi/doi/10.1126/science.275.5298.350}
}

@article{Girolami2014,
  title = {Observable {{Measure}} of {{Quantum Coherence}} in {{Finite Dimensional Systems}}},
  author = {Girolami, Davide},
  year = {2014},
  month = oct,
  journal = {Physical Review Letters},
  volume = {113},
  number = {17},
  eprint = {1403.2446},
  eprinttype = {arxiv},
  pages = {170401},
  issn = {0031-9007},
  doi = {10.1103/PhysRevLett.113.170401},
  url = {https://link.aps.org/doi/10.1103/PhysRevLett.113.170401},
  archiveprefix = {arXiv}
}

@article{Godfrin2018,
  title = {Generalized {{Ramsey}} Interferometry Explored with a Single Nuclear Spin Qudit},
  author = {Godfrin, C. and Ballou, R. and Bonet, E. and Ruben, M. and Klyatskaya, S. and Wernsdorfer, W. and Balestro, F.},
  year = {2018},
  month = dec,
  journal = {npj Quantum Information},
  volume = {4},
  number = {1},
  eprint = {1810.10367},
  eprinttype = {arxiv},
  pages = {53},
  issn = {2056-6387},
  doi = {10.1038/s41534-018-0101-3},
  url = {http://www.nature.com/articles/s41534-018-0101-3},
  archiveprefix = {arXiv}
}

@article{Goelman1989,
  title = {Design of Broadband Propagators in Two-Level Systems},
  author = {Goelman, G. and Vega, S. and Zax, D. B.},
  year = {1989},
  month = jun,
  journal = {Physical Review A},
  volume = {39},
  number = {11},
  pages = {5725--5743},
  issn = {0556-2791},
  doi = {10.1103/PhysRevA.39.5725},
  url = {https://link.aps.org/doi/10.1103/PhysRevA.39.5725}
}

@article{Goldman2014,
  title = {Periodically {{Driven Quantum Systems}}: {{Effective Hamiltonians}} and {{Engineered Gauge Fields}}},
  author = {Goldman, N. and Dalibard, J.},
  year = {2014},
  month = aug,
  journal = {Physical Review X},
  volume = {4},
  number = {3},
  pages = {031027},
  issn = {2160-3308},
  doi = {10.1103/PhysRevX.4.031027},
  url = {https://link.aps.org/doi/10.1103/PhysRevX.4.031027}
}

@article{Goodwin2016,
  title = {Resolved-{{Sideband Laser Cooling}} in a {{Penning Trap}}},
  author = {Goodwin, J. F. and Stutter, G. and Thompson, R. C. and Segal, D. M.},
  year = {2016},
  month = apr,
  journal = {Physical Review Letters},
  volume = {116},
  number = {14},
  eprint = {1407.6121},
  eprinttype = {arxiv},
  pages = {143002},
  issn = {0031-9007},
  doi = {10.1103/PhysRevLett.116.143002},
  url = {https://link.aps.org/doi/10.1103/PhysRevLett.116.143002},
  archiveprefix = {arXiv},
  isbn = {1079-7114 (Electronic)\textbackslash r0031-9007 (Linking)},
  pmid = {27104702}
}

@article{Granade2012,
  title = {Robust Online {{Hamiltonian}} Learning},
  author = {Granade, Christopher E. and Ferrie, Christopher and Wiebe, Nathan and Cory, D. G.},
  year = {2012},
  month = oct,
  journal = {New Journal of Physics},
  volume = {14},
  number = {10},
  eprint = {1207.1655},
  eprinttype = {arxiv},
  pages = {103013},
  issn = {1367-2630},
  doi = {10.1088/1367-2630/14/10/103013},
  url = {https://iopscience.iop.org/article/10.1088/1367-2630/14/10/103013},
  archiveprefix = {arXiv}
}

@article{Granade2016,
  title = {Practical {{Bayesian}} Tomography},
  author = {Granade, Christopher and Combes, Joshua and Cory, D. G.},
  year = {2016},
  month = mar,
  journal = {New Journal of Physics},
  volume = {18},
  number = {3},
  pages = {033024},
  publisher = {{IOP Publishing}},
  issn = {1367-2630},
  doi = {10.1088/1367-2630/18/3/033024},
  url = {http://stacks.iop.org/1367-2630/18/i=3/a=033024?key=crossref.3e30fffc49ed48960111399242031a72}
}

@article{Grifoni1998,
  title = {Driven Quantum Tunneling},
  author = {Grifoni, M. and H{\"a}nggi, P.},
  year = {1998},
  month = oct,
  journal = {Physics Reports},
  volume = {304},
  number = {5-6},
  pages = {229--354},
  issn = {03701573},
  doi = {10.1016/S0370-1573(98)00022-2},
  url = {http://linkinghub.elsevier.com/retrieve/pii/S0370157398000222}
}

@article{Grover1997,
  title = {Quantum {{Mechanics Helps}} in {{Searching}} for a {{Needle}} in a {{Haystack}}},
  author = {Grover, Lov K.},
  year = {1997},
  month = jul,
  journal = {Physical Review Letters},
  volume = {79},
  number = {2},
  eprint = {quant-ph/9706033},
  eprinttype = {arxiv},
  pages = {325--328},
  issn = {0031-9007},
  doi = {10.1103/PhysRevLett.79.325},
  url = {https://link.aps.org/doi/10.1103/PhysRevLett.79.325},
  archiveprefix = {arXiv},
  isbn = {0031-9007}
}

@article{Haddadfarshi2016,
  title = {High Fidelity Quantum Gates of Trapped Ions in the Presence of Motional Heating},
  author = {Haddadfarshi, F. and Mintert, F.},
  year = {2016},
  month = dec,
  journal = {New Journal of Physics},
  volume = {18},
  number = {12},
  pages = {123007},
  publisher = {{IOP Publishing}},
  issn = {1367-2630},
  doi = {10.1088/1367-2630/18/12/123007},
  url = {http://stacks.iop.org/1367-2630/18/i=12/a=123007?key=crossref.930cce36a98a5c2febdce848c3dc66f7}
}

@phdthesis{Haddadfarshi2017,
  title = {Optimal Control of Dissipative Quantum Dynamics},
  author = {Haddadfarshi, Farhang},
  year = {2017},
  langid = {english},
  school = {Imperial College London}
}

@article{Haffner2003,
  title = {Precision {{Measurement}} and {{Compensation}} of {{Optical Stark Shifts}} for an {{Ion-Trap Quantum Processor}}},
  author = {H{\"a}ffner, H. and Gulde, S. and Riebe, M. and Lancaster, G. and Becher, C. and Eschner, J. and {Schmidt-Kaler}, F. and Blatt, R.},
  year = {2003},
  journal = {Physical Review Letters},
  volume = {90},
  number = {14},
  eprint = {physics/0212040},
  eprinttype = {arxiv},
  pages = {4},
  issn = {10797114},
  doi = {10.1103/PhysRevLett.90.143602},
  archiveprefix = {arXiv}
}

@article{Haffner2008,
  title = {Quantum Computing with Trapped Ions},
  author = {H{\"a}ffner, H. and Roos, C. F. and Blatt, R.},
  year = {2008},
  month = dec,
  journal = {Physics Reports},
  volume = {469},
  number = {4},
  eprint = {0809.4368},
  eprinttype = {arxiv},
  pages = {155--203},
  publisher = {{Elsevier B.V.}},
  issn = {03701573},
  doi = {10.1016/j.physrep.2008.09.003},
  url = {http://dx.doi.org/10.1016/j.physrep.2008.09.003},
  archiveprefix = {arXiv},
  isbn = {0370-1573}
}

@article{Hahn1950,
  title = {Spin {{Echoes}}},
  author = {Hahn, E. L.},
  year = {1950},
  month = nov,
  journal = {Physical Review},
  volume = {80},
  number = {4},
  pages = {580--594},
  issn = {0031-899X},
  doi = {10.1103/PhysRev.80.580},
  url = {http://prola.aps.org/abstract/PR/v80/i4/p580_1},
  isbn = {0031-899X},
  pmid = {15014109}
}

@article{Haljan2005,
  title = {Entanglement of Trapped-Ion Clock States},
  author = {Haljan, P. C. and Lee, P. J. and Brickman, K-A. and Acton, M. and Deslauriers, L. and Monroe, C.},
  year = {2005},
  month = dec,
  journal = {Physical Review A},
  volume = {72},
  number = {6},
  pages = {062316},
  issn = {1050-2947, 1094-1622},
  doi = {10.1103/PhysRevA.72.062316},
  url = {https://link.aps.org/doi/10.1103/PhysRevA.72.062316},
  urldate = {2022-03-14},
  langid = {english}
}

@book{Hall2015,
  title = {Lie {{Groups}}, {{Lie Algebras}}, and {{Representations}}: {{An Elementary Introduction}}},
  shorttitle = {Lie {{Groups}}, {{Lie Algebras}}, and {{Representations}}},
  author = {Hall, Brian C.},
  year = {2015},
  series = {Graduate {{Texts}} in {{Mathematics}}},
  edition = {Second},
  volume = {222},
  publisher = {{Springer International Publishing}},
  address = {{Cham}},
  doi = {10.1007/978-3-319-13467-3},
  url = {https://link.springer.com/10.1007/978-3-319-13467-3},
  urldate = {2022-02-11},
  isbn = {978-3-319-13466-6 978-3-319-13467-3},
  langid = {english}
}

@article{Harris2020,
  title = {Array Programming with {{NumPy}}},
  author = {Harris, Charles R. and Millman, K. Jarrod and {van der Walt}, St{\'e}fan J. and Gommers, Ralf and Virtanen, Pauli and Cournapeau, David and Wieser, Eric and Taylor, Julian and Berg, Sebastian and Smith, Nathaniel J. and Kern, Robert and Picus, Matti and Hoyer, Stephan and {van Kerkwijk}, Marten H. and Brett, Matthew and Haldane, Allan and {del R{\'i}o}, Jaime Fern{\'a}ndez and Wiebe, Mark and Peterson, Pearu and {G{\'e}rard-Marchant}, Pierre and Sheppard, Kevin and Reddy, Tyler and Weckesser, Warren and Abbasi, Hameer and Gohlke, Christoph and Oliphant, Travis E.},
  year = {2020},
  month = sep,
  journal = {Nature},
  volume = {585},
  number = {7825},
  pages = {357--362},
  issn = {0028-0836, 1476-4687},
  doi = {10.1038/s41586-020-2649-2},
  url = {https://www.nature.com/articles/s41586-020-2649-2},
  urldate = {2022-02-14},
  langid = {english}
}

@article{Harty2014,
  title = {High-{{Fidelity Preparation}}, {{Gates}}, {{Memory}}, and {{Readout}} of a {{Trapped-Ion Quantum Bit}}},
  author = {Harty, T. P. and Allcock, D. T. C. and Ballance, C. J. and Guidoni, L. and Janacek, H. A. and Linke, N. M. and Stacey, D. N. and Lucas, D. M.},
  year = {2014},
  month = nov,
  journal = {Physical Review Letters},
  volume = {113},
  number = {22},
  eprint = {1403.1524},
  eprinttype = {arxiv},
  pages = {220501},
  issn = {0031-9007},
  doi = {10.1103/PhysRevLett.113.220501},
  url = {https://link.aps.org/doi/10.1103/PhysRevLett.113.220501},
  archiveprefix = {arXiv},
  isbn = {0031-9007},
  pmid = {25494060}
}

@article{Harty2016,
  title = {High-{{Fidelity Trapped-Ion Quantum Logic Using Near-Field Microwaves}}},
  author = {Harty, T. P. and Sepiol, M. A. and Allcock, D. T. C. and Ballance, C. J. and Tarlton, J. E. and Lucas, D. M.},
  year = {2016},
  month = sep,
  journal = {Physical Review Letters},
  volume = {117},
  number = {14},
  eprint = {1606.08409},
  eprinttype = {arxiv},
  pages = {140501},
  issn = {0031-9007},
  doi = {10.1103/PhysRevLett.117.140501},
  url = {https://link.aps.org/doi/10.1103/PhysRevLett.117.140501},
  archiveprefix = {arXiv},
  pmid = {27740823}
}

@article{Hayes2012,
  title = {Coherent {{Error Suppression}} in {{Multiqubit Entangling Gates}}},
  author = {Hayes, D. and Clark, S. M. and Debnath, S. and Hucul, D. and Inlek, I. V. and Lee, K. W. and Quraishi, Q. and Monroe, C.},
  year = {2012},
  month = jul,
  journal = {Physical Review Letters},
  volume = {109},
  number = {2},
  eprint = {1104.1347},
  eprinttype = {arxiv},
  pages = {020503},
  issn = {0031-9007},
  doi = {10.1103/PhysRevLett.109.020503},
  url = {https://link.aps.org/doi/10.1103/PhysRevLett.109.020503},
  archiveprefix = {arXiv},
  isbn = {0031-9007}
}

@phdthesis{Hebdige2020,
  title = {The {{Structure}} and {{Manipulation}} of {{Resources}} in {{Quantum Information Theory}}},
  author = {Hebdige, Thomas},
  year = {2020},
  langid = {english},
  school = {Imperial College London}
}

@phdthesis{Hesten2019,
  title = {On the Theory and Simulation of Photonic Condensates},
  author = {Hesten, Henry},
  year = {2019},
  langid = {english},
  school = {Imperial College London}
}

@article{Hillery2016,
  title = {Coherence as a Resource in Decision Problems: {{The Deutsch-Jozsa}} Algorithm and a Variation},
  author = {Hillery, Mark},
  year = {2016},
  month = jan,
  journal = {Physical Review A},
  volume = {93},
  number = {1},
  pages = {012111},
  issn = {2469-9926},
  doi = {10.1103/PhysRevA.93.012111},
  url = {https://link.aps.org/doi/10.1103/PhysRevA.93.012111}
}

@phdthesis{HindsMingo2020,
  title = {Irreversibility, {{Coherence}} and {{Quantum Fluctuation Theorems}}},
  author = {Hinds Mingo, Erick Benjamin},
  year = {2020},
  langid = {english},
  school = {Imperial College London}
}

@article{Hirose2016,
  title = {Coherent Feedback Control of a Single Qubit in Diamond},
  author = {Hirose, Masashi and Cappellaro, Paola},
  year = {2016},
  month = apr,
  journal = {Nature},
  volume = {532},
  number = {7597},
  pages = {77--80},
  publisher = {{Nature Publishing Group}},
  issn = {0028-0836},
  doi = {10.1038/nature17404},
  url = {http://www.nature.com/articles/nature17404}
}

@phdthesis{Holmes2020,
  title = {Towards {{Physical Realisations}} of {{Quantum Thermodynamics}}},
  author = {Holmes, Zo{\"e}},
  year = {2020},
  school = {Imperial College London}
}

@phdthesis{Home2006,
  title = {Entanglement of {{Two Trapped-Ion Spin Qubits}}},
  author = {Home, J. P.},
  year = {2006},
  school = {University of Oxford}
}

@article{Home2006a,
  title = {Deterministic Entanglement and Tomography of Ion\textendash Spin Qubits},
  author = {Home, J P and McDonnell, M J and Lucas, D M and Imreh, G and Keitch, B C and Szwer, D J and Thomas, N R and Webster, S C and Stacey, D N and Steane, A M},
  year = {2006},
  month = sep,
  journal = {New Journal of Physics},
  volume = {8},
  number = {9},
  pages = {188--188},
  issn = {1367-2630},
  doi = {10.1088/1367-2630/8/9/188},
  url = {https://iopscience.iop.org/article/10.1088/1367-2630/8/9/188},
  urldate = {2022-01-24},
  langid = {english}
}

@article{Hong1987,
  title = {Measurement of Subpicosecond Time Intervals between Two Photons by Interference},
  author = {Hong, C. K. and Ou, Z. Y. and Mandel, L.},
  year = {1987},
  month = nov,
  journal = {Physical Review Letters},
  volume = {59},
  number = {18},
  pages = {2044--2046},
  issn = {00319007},
  doi = {10.1103/PhysRevLett.59.2044},
  url = {http://link.aps.org/doi/10.1103/PhysRevLett.59.2044},
  isbn = {0031-9007},
  pmid = {10035403}
}

@article{Horodecki1996,
  title = {Separability of Mixed States: Necessary and Sufficient Conditions},
  shorttitle = {Separability of Mixed States},
  author = {Horodecki, Micha{\l} and Horodecki, Pawe{\l} and Horodecki, Ryszard},
  year = {1996},
  month = nov,
  journal = {Physics Letters A},
  volume = {223},
  number = {1-2},
  pages = {1--8},
  issn = {03759601},
  doi = {10.1016/S0375-9601(96)00706-2},
  url = {https://linkinghub.elsevier.com/retrieve/pii/S0375960196007062},
  urldate = {2022-03-06},
  langid = {english}
}

@article{Horodecki2009,
  title = {Quantum Entanglement},
  author = {Horodecki, Ryszard and Horodecki, Pawe{\l} and Horodecki, Micha{\l} and Horodecki, Karol},
  year = {2009},
  month = jun,
  journal = {Reviews of Modern Physics},
  volume = {81},
  number = {2},
  pages = {865--942},
  issn = {0034-6861, 1539-0756},
  doi = {10.1103/RevModPhys.81.865},
  url = {https://link.aps.org/doi/10.1103/RevModPhys.81.865},
  urldate = {2022-02-14},
  langid = {english}
}

@article{Horodecki2021,
  title = {Quantum {{Information}}},
  author = {Horodecki, R.},
  year = {2021},
  month = mar,
  journal = {Acta Physica Polonica A},
  volume = {139},
  number = {3},
  pages = {197--2018},
  issn = {1898-794X, 0587-4246},
  doi = {10.12693/APhysPolA.139.197},
  url = {http://przyrbwn.icm.edu.pl/APP/PDF/139/app139z3p01.pdf},
  urldate = {2022-03-03},
  langid = {english}
}

@article{Hosono1986,
  title = {Numerical Algorithm for {{Taylor}} Series Expansion},
  author = {Hosono, T.},
  year = {1986},
  journal = {Electronics and Communications in Japan (Part I: Communications)},
  volume = {69},
  number = {6},
  pages = {10--18},
  issn = {87566621},
  doi = {10.1002/ecja.4410690602},
  url = {http://doi.wiley.com/10.1002/ecja.4410690602}
}

@phdthesis{Hrmo2018,
  title = {Ground {{State Cooling}} of the {{Radial Motion}} of a {{Single Ion}} in a {{Penning Trap}} and {{Coherent Manipulation}} of {{Small Numbers}} of {{Ions}}},
  author = {Hrmo, P.},
  year = {2018},
  url = {http://hdl.handle.net/10044/1/61471},
  school = {Imperial College London}
}

@article{Huang1983,
  title = {On the Controllability of Quantum-mechanical Systems},
  author = {Huang, G. M. and Tarn, T. J. and Clark, J. W.},
  year = {1983},
  journal = {Journal of Mathematical Physics},
  volume = {24},
  number = {11},
  pages = {2608--2618},
  issn = {0022-2488},
  doi = {10.1063/1.525634},
  url = {http://aip.scitation.org/doi/10.1063/1.525634}
}

@article{Hughes2020,
  title = {Benchmarking a {{High-Fidelity Mixed-Species Entangling Gate}}},
  author = {Hughes, A. C. and Sch{\"a}fer, V. M. and Thirumalai, K. and Nadlinger, D. P. and Woodrow, S. R. and Lucas, D. M. and Ballance, C. J.},
  year = {2020},
  month = aug,
  journal = {Physical Review Letters},
  volume = {125},
  number = {8},
  pages = {080504},
  issn = {0031-9007, 1079-7114},
  doi = {10.1103/PhysRevLett.125.080504},
  url = {https://link.aps.org/doi/10.1103/PhysRevLett.125.080504},
  urldate = {2021-12-19},
  langid = {english}
}

@phdthesis{Hughes2021,
  title = {Benchmarking {{Memory}} and {{Logic Gates}} for {{Trapped-Ion Quantum Computing}}},
  author = {Hughes, Amy},
  year = {2021},
  school = {University of Oxford}
}

@misc{ImperialHPC,
  title = {Imperial {{College Research Computing Service}}},
  author = {Harvey, Matthew},
  year = {2017},
  publisher = {{Imperial College London}},
  doi = {10.14469/HPC/2232},
  url = {https://data.hpc.imperial.ac.uk/resolve/?doi=2232},
  urldate = {2022-02-14},
  collaborator = {Imperial College London and Imperial College Research Computing Service and Harvey, Matthew},
  copyright = {Creative Commons: Public Domain Dedication 1.0}
}

@article{Isard1998,
  title = {Confensation-Conditional Density Propagation for Visual Tracking},
  author = {Isard, M. and Blake, A.},
  year = {1998},
  journal = {International Journal of Computer Vision},
  volume = {29},
  number = {1},
  pages = {5--28},
  doi = {10.1023/A:1008078328650}
}

@article{Itano1982,
  title = {Laser Cooling of Ions Stored in Harmonic and {{Penning}} Traps},
  author = {Itano, Wayne M. and Wineland, D. J.},
  year = {1982},
  month = jan,
  journal = {Physical Review A},
  volume = {25},
  number = {1},
  pages = {35--54},
  issn = {0556-2791},
  doi = {10.1103/PhysRevA.25.35},
  url = {https://link.aps.org/doi/10.1103/PhysRevA.25.35},
  isbn = {9780102958317}
}

@article{Jager2014,
  title = {Optimal Quantum Control of {{Bose-Einstein}} Condensates in Magnetic Microtraps: {{Comparison}} of Gradient-Ascent-Pulse-Engineering and {{Krotov}} Optimization Schemes},
  author = {J{\"a}ger, G. and Reich, D. M. and Goerz, M. H. and Koch, C. P. and Hohenester, U.},
  year = {2014},
  month = sep,
  journal = {Physical Review A},
  volume = {90},
  number = {3},
  eprint = {1409.2976},
  eprinttype = {arxiv},
  pages = {033628},
  issn = {1050-2947},
  doi = {10.1103/PhysRevA.90.033628},
  url = {https://link.aps.org/doi/10.1103/PhysRevA.90.033628},
  archiveprefix = {arXiv},
  isbn = {3540795464}
}

@article{Jaksch1998,
  title = {Cold Bosonic Atoms in Optical Lattices},
  author = {Jaksch, D. and Bruder, C. and Cirac, J. I. and Gardiner, C. W. and Zoller, P.},
  year = {1998},
  journal = {Physical Review Letters},
  volume = {81},
  number = {15},
  eprint = {cond-mat/9805329},
  eprinttype = {arxiv},
  pages = {3108--3111},
  issn = {0031-9007},
  doi = {10.1103/PhysRevLett.81.3108},
  archiveprefix = {arXiv},
  isbn = {0031-9007},
  pmid = {2429544068043928600}
}

@article{James1998,
  title = {Quantum Dynamics of Cold Trapped Ions with Application to Quantum Computation},
  author = {James, D. F. V.},
  year = {1998},
  month = feb,
  journal = {Applied Physics B: Lasers and Optics},
  volume = {66},
  number = {2},
  eprint = {quant-ph/9702053},
  eprinttype = {arxiv},
  pages = {181--190},
  issn = {0946-2171},
  doi = {10.1007/s003400050373},
  url = {http://link.springer.com/10.1007/s003400050373},
  archiveprefix = {arXiv},
  isbn = {0946-2171},
  pmid = {24686654}
}

@phdthesis{Jarlaud2018,
  title = {Sideband Cooling of {{Ion Coulomb Crystals}} in a {{Penning Trap}}},
  author = {Jarlaud, V.},
  year = {2018},
  url = {http://hdl.handle.net/10044/1/63832},
  school = {Imperial College London}
}

@article{Jarzyna2015,
  title = {True Precision Limits in Quantum Metrology},
  author = {Jarzyna, Marcin and {Demkowicz-Dobrza{\'n}ski}, Rafa{\l}},
  year = {2015},
  journal = {New Journal of Physics},
  volume = {17},
  eprint = {1407.4805},
  eprinttype = {arxiv},
  issn = {13672630},
  doi = {10.1088/1367-2630/17/1/013010},
  archiveprefix = {arXiv}
}

@article{Johansson2013,
  title = {{{QuTiP}} 2: {{A Python}} Framework for the Dynamics of Open Quantum Systems},
  author = {Johansson, J.R. and Nation, P.D. and Nori, F.},
  year = {2013},
  month = apr,
  journal = {Computer Physics Communications},
  volume = {184},
  number = {4},
  eprint = {1211.6518},
  eprinttype = {arxiv},
  pages = {1234--1240},
  publisher = {{Elsevier B.V.}},
  issn = {00104655},
  doi = {10.1016/j.cpc.2012.11.019},
  url = {https://doi.org/10.1016/j.cpc.2012.11.019},
  archiveprefix = {arXiv}
}

@article{Jones1998,
  title = {Implementation of a Quantum Search Algorithm on a Quantum Computer},
  author = {Jones, Jonathan A. and Mosca, Michele and Hansen, Rasmus H.},
  year = {1998},
  month = may,
  journal = {Nature},
  volume = {393},
  number = {6683},
  pages = {344--346},
  issn = {0028-0836, 1476-4687},
  doi = {10.1038/30687},
  url = {http://www.nature.com/articles/30687},
  urldate = {2022-04-29},
  langid = {english}
}

@phdthesis{Joshi2018,
  title = {Coherent {{Dynamics}} of {{Trapped Ions Within}} and {{Outside}} the {{Lamb-Dicke Regime}}},
  author = {Joshi, M.},
  year = {2018},
  url = {http://hdl.handle.net/10044/1/61532},
  school = {Imperial College London}
}

@article{Kelvin1901,
  title = {Nineteenth {{Century Clouds}} over the {{Dynamical Theory}} of {{Heat}} and {{Light}}},
  author = {Kelvin},
  year = {1901},
  month = jul,
  journal = {The London, Edinburgh, and Dublin Philosophical Magazine and Journal of Science},
  volume = {2},
  number = {7},
  pages = {1--40},
  issn = {1941-5982},
  doi = {10.1080/14786440109462664},
  url = {https://www.tandfonline.com/doi/full/10.1080/14786440109462664}
}

@article{Khaneja2005,
  title = {Optimal Control of Coupled Spin Dynamics: Design of {{NMR}} Pulse Sequences by Gradient Ascent Algorithms},
  author = {Khaneja, N. and Reiss, T. and Kehlet, C. and {Schulte-Herbr{\"u}ggen}, T. and Glaser, S. J.},
  year = {2005},
  month = feb,
  journal = {Journal of Magnetic Resonance},
  volume = {172},
  number = {2},
  pages = {296--305},
  issn = {10907807},
  doi = {10.1016/j.jmr.2004.11.004},
  url = {http://linkinghub.elsevier.com/retrieve/pii/S1090780704003696},
  isbn = {1090-7807},
  pmid = {15649756}
}

@article{Kim2009,
  title = {Entanglement and {{Tunable Spin-Spin Couplings}} between {{Trapped Ions Using Multiple Transverse Modes}}},
  author = {Kim, K. and Chang, M.-S. and Islam, R. and Korenblit, S. and Duan, L.-M. and Monroe, C.},
  year = {2009},
  month = sep,
  journal = {Physical Review Letters},
  volume = {103},
  number = {12},
  eprint = {0905.0225},
  eprinttype = {arxiv},
  pages = {120502},
  issn = {0031-9007},
  doi = {10.1103/PhysRevLett.103.120502},
  url = {https://link.aps.org/doi/10.1103/PhysRevLett.103.120502},
  archiveprefix = {arXiv},
  isbn = {0031-9007},
  pmid = {19792416}
}

@article{Knill2005,
  title = {Quantum Computing with Realistically Noisy Devices},
  author = {Knill, E.},
  year = {2005},
  month = mar,
  journal = {Nature},
  volume = {434},
  number = {7029},
  eprint = {quant-ph/0410199},
  eprinttype = {arxiv},
  pages = {39--44},
  issn = {0028-0836},
  doi = {10.1038/nature03350},
  url = {http://www.nature.com/articles/nature03350},
  archiveprefix = {arXiv}
}

@article{Kobzar2004,
  title = {Exploring the Limits of Broadband Excitation and Inversion Pulses},
  author = {Kobzar, Kyryl and Skinner, Thomas E. and Khaneja, Navin and Glaser, Steffen J. and Luy, Burkhard},
  year = {2004},
  month = oct,
  journal = {Journal of Magnetic Resonance},
  volume = {170},
  number = {2},
  pages = {236--243},
  issn = {10907807},
  doi = {10.1016/j.jmr.2004.06.017},
  url = {http://linkinghub.elsevier.com/retrieve/pii/S1090780704001995}
}

@article{Kok2007,
  title = {Linear Optical Quantum Computing with Photonic Qubits},
  author = {Kok, P. and Munro, W. J. and Nemoto, K. and Ralph, T. C. and Dowling, J. P. and Milburn, G. J.},
  year = {2007},
  month = jan,
  journal = {Reviews of Modern Physics},
  volume = {79},
  number = {1},
  eprint = {quant-ph/0512071},
  eprinttype = {arxiv},
  pages = {135--174},
  issn = {0034-6861},
  doi = {10.1103/RevModPhys.79.135},
  url = {https://link.aps.org/doi/10.1103/RevModPhys.79.135},
  archiveprefix = {arXiv},
  isbn = {0034-6861},
  pmid = {15695005}
}

@article{Korzekwa2016,
  title = {The Extraction of Work from Quantum Coherence},
  author = {Korzekwa, Kamil and Lostaglio, Matteo and Oppenheim, Jonathan and Jennings, David},
  year = {2016},
  month = feb,
  journal = {New Journal of Physics},
  volume = {18},
  number = {2},
  eprint = {1506.07875},
  eprinttype = {arxiv},
  pages = {023045},
  publisher = {{IOP Publishing}},
  issn = {1367-2630},
  doi = {10.1088/1367-2630/18/2/023045},
  url = {https://iopscience.iop.org/article/10.1088/1367-2630/18/2/023045},
  archiveprefix = {arXiv}
}

@article{Krantz2019,
  title = {A Quantum Engineer's Guide to Superconducting Qubits},
  author = {Krantz, P. and Kjaergaard, M. and Yan, F. and Orlando, T. P. and Gustavsson, S. and Oliver, W. D.},
  year = {2019},
  month = jun,
  journal = {Applied Physics Reviews},
  volume = {6},
  number = {2},
  eprint = {1904.06560},
  eprinttype = {arxiv},
  pages = {021318},
  publisher = {{AIP Publishing LLC}},
  issn = {1931-9401},
  doi = {10.1063/1.5089550},
  url = {http://aip.scitation.org/doi/10.1063/1.5089550},
  archiveprefix = {arXiv}
}

@article{Kraus2001,
  title = {Optimal Creation of Entanglement Using a Two-Qubit Gate},
  author = {Kraus, B. and Cirac, J. I.},
  year = {2001},
  month = may,
  journal = {Physical Review A},
  volume = {63},
  number = {6},
  eprint = {quant-ph/0011050},
  eprinttype = {arxiv},
  pages = {062309},
  issn = {1050-2947},
  doi = {10.1103/PhysRevA.63.062309},
  url = {https://link.aps.org/doi/10.1103/PhysRevA.63.062309},
  archiveprefix = {arXiv},
  isbn = {1050-2947}
}

@article{Lambert2013,
  title = {Quantum Biology},
  author = {Lambert, Neill and Chen, Yueh-Nan and Cheng, Yuan-Chung and Li, Che-Ming and Chen, Guang-Yin and Nori, Franco},
  year = {2013},
  month = jan,
  journal = {Nature Physics},
  volume = {9},
  number = {1},
  pages = {10--18},
  publisher = {{Nature Publishing Group}},
  issn = {1745-2473},
  doi = {10.1038/nphys2474},
  url = {http://dx.doi.org/10.1038/nphys2474}
}

@article{Langer2005,
  title = {Long-Lived Qubit Memory Using Atomic Ions},
  author = {Langer, C. and Ozeri, R. and Jost, J. D. and Chiaverini, J. and Demarco, B. and {Ben-Kish}, A. and Blakestad, R. B. and Britton, J. and Hume, D. B. and Itano, W. M. and Leibfried, D. and Reichle, R. and Rosenband, T. and Schaetz, T. and Schmidt, P. O. and Wineland, D. J.},
  year = {2005},
  journal = {Physical Review Letters},
  volume = {95},
  number = {6},
  eprint = {quant-ph/0504076v1},
  eprinttype = {arxiv},
  pages = {2--5},
  issn = {00319007},
  doi = {10.1103/PhysRevLett.95.060502},
  archiveprefix = {arXiv},
  isbn = {0031-9007},
  pmid = {16090932}
}

@phdthesis{Langer2006,
  title = {High {{Fidelity Quantum Information Processing}} with {{Trapped Ions}}},
  author = {Langer, C. E.},
  year = {2006},
  school = {University of Colorado, Boulder}
}

@mastersthesis{Langer2017,
  title = {Implementation and {{Application}} of {{Smooth Robust Quantum Control}}},
  author = {Langer, M.},
  year = {2017},
  school = {Imperial College London}
}

@article{Lanyon2007,
  title = {Experimental {{Demonstration}} of a {{Compiled Version}} of {{Shor}}'s {{Algorithm}} with {{Quantum Entanglement}}},
  author = {Lanyon, B. P. and Weinhold, T. J. and Langford, N. K. and Barbieri, M. and James, D. F. V. and Gilchrist, A. and White, A. G.},
  year = {2007},
  month = dec,
  journal = {Physical Review Letters},
  volume = {99},
  number = {25},
  pages = {250505},
  issn = {0031-9007, 1079-7114},
  doi = {10.1103/PhysRevLett.99.250505},
  url = {https://link.aps.org/doi/10.1103/PhysRevLett.99.250505},
  urldate = {2022-04-29},
  langid = {english}
}

@article{Lanyon2010,
  title = {Towards Quantum Chemistry on a Quantum Computer},
  author = {Lanyon, B. P. and Whitfield, J. D. and Gillett, G. G. and Goggin, M. E. and Almeida, M. P. and Kassal, I. and Biamonte, J. D. and Mohseni, M. and Powell, B. J. and Barbieri, M. and {Aspuru-Guzik}, A. and White, A. G.},
  year = {2010},
  month = feb,
  journal = {Nature Chemistry},
  volume = {2},
  number = {2},
  eprint = {0905.0887},
  eprinttype = {arxiv},
  pages = {106--111},
  publisher = {{Nature Publishing Group}},
  issn = {1755-4330},
  doi = {10.1038/nchem.483},
  url = {http://www.nature.com/articles/nchem.483},
  archiveprefix = {arXiv}
}

@article{Lanyon2011,
  title = {Universal {{Digital Quantum Simulation}} with {{Trapped Ions}}},
  author = {Lanyon, B. P. and Hempel, C. and Nigg, D. and Muller, M. and Gerritsma, R. and Zahringer, F. and Schindler, P. and Barreiro, J. T. and Rambach, M. and Kirchmair, G. and Hennrich, M. and Zoller, P. and Blatt, R. and Roos, C. F.},
  year = {2011},
  month = oct,
  journal = {Science},
  volume = {334},
  number = {6052},
  pages = {57--61},
  issn = {0036-8075},
  doi = {10.1126/science.1208001},
  url = {http://www.sciencemag.org/cgi/doi/10.1126/science.1208001}
}

@phdthesis{Latmiral2017,
  title = {Quantumness in {{Optomechanics}}},
  author = {Latmiral, Ludovico},
  year = {2017},
  langid = {english},
  school = {Imperial College London}
}

@article{Law1995,
  title = {Interaction between a Moving Mirror and Radiation Pressure: {{A Hamiltonian}} Formulation},
  author = {Law, C. K.},
  year = {1995},
  month = mar,
  journal = {Physical Review A},
  volume = {51},
  number = {3},
  pages = {2537--2541},
  issn = {1050-2947},
  doi = {10.1103/PhysRevA.51.2537},
  url = {https://link.aps.org/doi/10.1103/PhysRevA.51.2537}
}

@article{Law1996,
  title = {Arbitrary {{Control}} of a {{Quantum Electromagnetic Field}}},
  author = {Law, C. K. and Eberly, J. H.},
  year = {1996},
  month = feb,
  journal = {Physical Review Letters},
  volume = {76},
  number = {7},
  pages = {1055--1058},
  issn = {0031-9007},
  doi = {10.1103/PhysRevLett.76.1055},
  url = {https://link.aps.org/doi/10.1103/PhysRevLett.76.1055},
  pmid = {10061622}
}

@phdthesis{Lawrence2019,
  title = {High-{{Fidelity Quantum Logic}} on {{Trapped Ions}} with {{Microwave Radiation}}},
  author = {Lawrence, Adam Mark},
  year = {2019},
  school = {Imperial College London}
}

@article{Leibfried1996,
  title = {Experimental {{Determination}} of the {{Motional Quantum State}} of a {{Trapped Atom}}},
  author = {Leibfried, D. and Meekhof, D. M. and King, B. E. and Monroe, C. and Itano, W. M. and Wineland, D. J.},
  year = {1996},
  month = nov,
  journal = {Physical Review Letters},
  volume = {77},
  number = {21},
  pages = {4281--4285},
  issn = {0031-9007},
  doi = {10.1103/PhysRevLett.77.4281},
  url = {https://link.aps.org/doi/10.1103/PhysRevLett.77.4281}
}

@article{Leibfried2003,
  title = {Quantum Dynamics of Single Trapped Ions},
  author = {Leibfried, D. and Blatt, R. and Monroe, C. and Wineland, D. J.},
  year = {2003},
  journal = {Reviews of Modern Physics},
  volume = {75},
  number = {1},
  pages = {281--324},
  issn = {00346861},
  doi = {10.1103/RevModPhys.75.281},
  isbn = {0034-6861 1539-0756},
  pmid = {12660778}
}

@article{Leibfried2003a,
  title = {Experimental Demonstration of a Robust, High-Fidelity Geometric Two Ion-Qubit Phase Gate},
  author = {Leibfried, D. and DeMarco, B. and Meyer, V. and Lucas, D. and Barrett, M. and Britton, J. and Itano, W. M. and Jelenkovi{\'c}, B. and Langer, C. and Rosenband, T. and Wineland, D. J.},
  year = {2003},
  month = mar,
  journal = {Nature},
  volume = {422},
  number = {6930},
  pages = {412--415},
  issn = {0028-0836},
  doi = {10.1038/nature01492},
  url = {http://www.nature.com/articles/nature01492},
  isbn = {0028-0836},
  pmid = {12660778}
}

@article{Lekitsch2017,
  title = {Blueprint for a Microwave Trapped Ion Quantum Computer},
  author = {Lekitsch, B. and Weidt, S. and Fowler, A. G and M{\o}lmer, K. and Devitt, S. J and Wunderlich, C. and Hensinger, W. K.},
  year = {2017},
  month = feb,
  journal = {Science Advances},
  volume = {3},
  number = {2},
  eprint = {1508.00420},
  eprinttype = {arxiv},
  pages = {e1601540},
  issn = {2375-2548},
  doi = {10.1126/sciadv.1601540},
  url = {http://advances.sciencemag.org/lookup/doi/10.1126/sciadv.1601540},
  archiveprefix = {arXiv},
  pmid = {28164154}
}

@article{Levi2014,
  title = {A Quantitative Theory of Coherent Delocalization},
  author = {Levi, Federico and Mintert, Florian},
  year = {2014},
  month = mar,
  journal = {New Journal of Physics},
  volume = {16},
  number = {3},
  pages = {033007},
  publisher = {{IOP Publishing}},
  issn = {1367-2630},
  doi = {10.1088/1367-2630/16/3/033007},
  url = {https://iopscience.iop.org/article/10.1088/1367-2630/16/3/033007}
}

@article{Li2020,
  title = {Generalized {{Hamiltonian}} to Describe Imperfections in Ion-Light Interaction},
  author = {Li, Ming and Wright, Kenneth and Pisenti, Neal C. and Beck, Kristin M. and Nguyen, Jason H. V. and Nam, Yunseong},
  year = {2020},
  month = sep,
  number = {1},
  eprint = {2009.13681},
  eprinttype = {arxiv},
  pages = {1--13},
  url = {http://arxiv.org/abs/2009.13681},
  archiveprefix = {arXiv}
}

@mastersthesis{Lishman2017,
  title = {Theoretical {{Control}} of {{Trapped Ions}}},
  author = {Lishman, J.},
  year = {2017},
  school = {Imperial College London}
}

@article{Lishman2020,
  title = {Trapped-Ion Entangling Gates Robust against Qubit Frequency Errors},
  author = {Lishman, Jake and Mintert, Florian},
  year = {2020},
  month = jul,
  journal = {Physical Review Research},
  volume = {2},
  number = {3},
  eprint = {2004.07253},
  eprinttype = {arxiv},
  pages = {033117},
  issn = {2643-1564},
  doi = {10.1103/PhysRevResearch.2.033117},
  url = {https://link.aps.org/doi/10.1103/PhysRevResearch.2.033117},
  urldate = {2021-11-14},
  archiveprefix = {arXiv},
  langid = {english}
}

@article{Loss1998,
  title = {Quantum Computation with Quantum Dots},
  author = {Loss, D. and DiVincenzo, D. P.},
  year = {1998},
  month = jan,
  journal = {Physical Review A},
  volume = {57},
  number = {1},
  eprint = {cond-mat/9701055},
  eprinttype = {arxiv},
  pages = {120--126},
  issn = {1050-2947},
  doi = {10.1103/PhysRevA.57.120},
  url = {https://link.aps.org/doi/10.1103/PhysRevA.57.120},
  archiveprefix = {arXiv},
  isbn = {1050-2947},
  pmid = {11690502}
}

@book{Loudon2000,
  title = {The Quantum Theory of Light},
  author = {Loudon, Rodney},
  year = {2000},
  series = {Oxford Science Publications},
  edition = {3rd ed},
  publisher = {{Oxford University Press}},
  address = {{Oxford ; New York}},
  isbn = {978-0-19-850177-0 978-0-19-850176-3},
  lccn = {QC446.2 .L68 2000}
}

@article{Lu2007,
  title = {Demonstration of a {{Compiled Version}} of {{Shor}}'s {{Quantum Factoring Algorithm Using Photonic Qubits}}},
  author = {Lu, Chao-Yang and Browne, Daniel E. and Yang, Tao and Pan, Jian-Wei},
  year = {2007},
  month = dec,
  journal = {Physical Review Letters},
  volume = {99},
  number = {25},
  pages = {250504},
  issn = {0031-9007, 1079-7114},
  doi = {10.1103/PhysRevLett.99.250504},
  url = {https://link.aps.org/doi/10.1103/PhysRevLett.99.250504},
  urldate = {2022-04-29},
  langid = {english}
}

@article{Magana-Loaiza2016,
  title = {Exotic Looped Trajectories of Photons in Three-Slit Interference},
  author = {{Maga{\~n}a-Loaiza}, O. S. and De Leon, I. and Mirhosseini, M. and Fickler, R. and Safari, A. and Mick, U. and McIntyre, B. and Banzer, P. and Rodenburg, B. and Leuchs, G. and Boyd, R. W.},
  year = {2016},
  month = dec,
  journal = {Nature Communications},
  volume = {7},
  number = {1},
  eprint = {1610.08585},
  eprinttype = {arxiv},
  pages = {13987},
  issn = {2041-1723},
  doi = {10.1038/ncomms13987},
  url = {http://www.nature.com/articles/ncomms13987},
  archiveprefix = {arXiv},
  isbn = {2041-1723},
  pmid = {19367883}
}

@article{Magnus1954,
  title = {On the Exponential Solution of Differential Equations for a Linear Operator},
  author = {Magnus, Wilhelm},
  year = {1954},
  month = nov,
  journal = {Communications on Pure and Applied Mathematics},
  volume = {7},
  number = {4},
  pages = {649--673},
  issn = {00103640, 10970312},
  doi = {10.1002/cpa.3160070404},
  url = {https://onlinelibrary.wiley.com/doi/10.1002/cpa.3160070404},
  urldate = {2022-02-12},
  langid = {english}
}

@article{Makhlin1999,
  title = {Josephson-Junction Qubits with Controlled Couplings},
  author = {Makhlin, Y. and Sch{\"o}n, G. and Shnirman, A.},
  year = {1999},
  month = mar,
  journal = {Nature},
  volume = {398},
  number = {6725},
  eprint = {cond-mat/9808067},
  eprinttype = {arxiv},
  pages = {305--307},
  issn = {0028-0836},
  doi = {10.1038/18613},
  url = {http://www.nature.com/articles/18613},
  archiveprefix = {arXiv}
}

@article{Makhlin2001,
  title = {Quantum-State Engineering with {{Josephson-junction}} Devices},
  author = {Makhlin, Y. and Sch{\"o}n, G. and Shnirman, A.},
  year = {2001},
  month = may,
  journal = {Reviews of Modern Physics},
  volume = {73},
  number = {2},
  pages = {357--400},
  issn = {0034-6861},
  doi = {10.1103/RevModPhys.73.357},
  url = {https://link.aps.org/doi/10.1103/RevModPhys.73.357}
}

@article{Manovitz2017,
  title = {Fast {{Dynamical Decoupling}} of the {{M\o lmer-S\o rensen Entangling Gate}}},
  author = {Manovitz, T. and Rotem, A. and Shaniv, R. and Cohen, I. and Shapira, Y. and Akerman, N. and Retzker, A. and Ozeri, R.},
  year = {2017},
  month = nov,
  journal = {Physical Review Letters},
  volume = {119},
  number = {22},
  pages = {220505},
  issn = {0031-9007},
  doi = {10.1103/PhysRevLett.119.220505},
  url = {https://link.aps.org/doi/10.1103/PhysRevLett.119.220505}
}

@article{Manovitz2022,
  title = {Trapped-{{Ion Quantum Computer}} with {{Robust Entangling Gates}} and {{Quantum Coherent Feedback}}},
  author = {Manovitz, Tom and Shapira, Yotam and Gazit, Lior and Akerman, Nitzan and Ozeri, Roee},
  year = {2022},
  month = mar,
  journal = {PRX Quantum},
  volume = {3},
  number = {1},
  pages = {010347},
  issn = {2691-3399},
  doi = {10.1103/PRXQuantum.3.010347},
  url = {https://link.aps.org/doi/10.1103/PRXQuantum.3.010347},
  urldate = {2022-04-24},
  langid = {english}
}

@article{Manzano2020,
  title = {A Short Introduction to the {{Lindblad}} Master Equation},
  author = {Manzano, Daniel},
  year = {2020},
  month = feb,
  journal = {AIP Advances},
  volume = {10},
  number = {2},
  pages = {025106},
  issn = {2158-3226},
  doi = {10.1063/1.5115323},
  url = {http://aip.scitation.org/doi/10.1063/1.5115323},
  urldate = {2022-02-15},
  langid = {english}
}

@article{Marshall1998,
  title = {Fourier Transform Ion Cyclotron Resonance Mass Spectrometry: {{A}} Primer},
  author = {Marshall, A. G. and Hendrickson, C. L. and Jackson, G. S.},
  year = {1998},
  journal = {Mass Spectrometry Reviews},
  volume = {17},
  number = {1},
  eprint = {1402.0392},
  eprinttype = {arxiv},
  pages = {1--35},
  issn = {02777037},
  doi = {10.1002/(SICI)1098-2787(1998)17:1<1::AID-MAS1>3.0.CO;2-K},
  url = {http://doi.wiley.com/10.1002/%28SICI%291098-2787%281998%2917%3A1%3C1%3A%3AAID-MAS1%3E3.0.CO%3B2-K},
  archiveprefix = {arXiv},
  isbn = {1098-2787},
  pmid = {9768511}
}

@phdthesis{Mavadia2013,
  title = {Motional {{Sideband Spectra}} and {{Coulomb Crystals}} in a {{Penning Trap}}},
  author = {Mavadia, S.},
  year = {2013},
  school = {Imperial College London}
}

@article{Mavadia2018,
  title = {Experimental Quantum Verification in the Presence of Temporally Correlated Noise},
  author = {Mavadia, S. and Edmunds, C. L. and Hempel, C. and Ball, H. and Roy, F. and Stace, T. M. and Biercuk, M. J.},
  year = {2018},
  month = dec,
  journal = {npj Quantum Information},
  volume = {4},
  number = {1},
  eprint = {1706.03787},
  eprinttype = {arxiv},
  pages = {7},
  publisher = {{Springer US}},
  issn = {2056-6387},
  doi = {10.1038/s41534-017-0052-0},
  url = {http://www.nature.com/articles/s41534-017-0052-0},
  archiveprefix = {arXiv}
}

@article{McCormick2018,
  title = {Quantum-Enhanced Sensing of a Mechanical Oscillator},
  author = {McCormick, K. C. and Keller, J. and Burd, Shaun C. and Wineland, D. J. and Wilson, A. C. and Leibfried, D.},
  year = {2018},
  month = jul,
  volume = {2},
  number = {2},
  eprint = {1807.11934},
  eprinttype = {arxiv},
  pages = {1--24},
  url = {http://arxiv.org/abs/1807.11934},
  archiveprefix = {arXiv}
}

@article{McCormick2019,
  title = {Coherently Displaced Oscillator Quantum States of a Single Trapped Atom},
  author = {McCormick, K. C. and Keller, J. and Wineland, D. J. and Wilson, A. C. and Leibfried, D.},
  year = {2019},
  month = mar,
  journal = {Quantum Science and Technology},
  volume = {4},
  number = {2},
  eprint = {1811.00668},
  eprinttype = {arxiv},
  pages = {024010},
  publisher = {{IOP Publishing}},
  issn = {2058-9565},
  doi = {10.1088/2058-9565/ab0513},
  url = {http://stacks.iop.org/2058-9565/4/i=2/a=024010?key=crossref.3f41fb3ea7b58c83054b06b9e777615d},
  archiveprefix = {arXiv}
}

@article{McLoughlin2011,
  title = {Versatile Ytterbium Ion Trap Experiment for Operation of Scalable Ion-Trap Chips with Motional Heating and Transition-Frequency Measurements},
  author = {McLoughlin, James J. and Nizamani, Altaf H. and Siverns, James D. and Sterling, Robin C. and Hughes, Marcus D. and Lekitsch, Bjoern and Stein, Bj{\"o}rn and Weidt, Seb and Hensinger, Winfried K.},
  year = {2011},
  month = jan,
  journal = {Physical Review A},
  volume = {83},
  number = {1},
  pages = {013406},
  issn = {1050-2947},
  doi = {10.1103/PhysRevA.83.013406},
  url = {https://link.aps.org/doi/10.1103/PhysRevA.83.013406},
  isbn = {0672115153027}
}

@article{Milburn2000,
  title = {Ion {{Trap Quantum Computing With Warm Ions}}},
  author = {Milburn, G. J. and Schneider, S. and James, D. F. V.},
  year = {2000},
  journal = {Fortschritte der Physik},
  volume = {48},
  number = {9-11},
  pages = {801--810},
  url = {https://onlinelibrary.wiley.com/doi/abs/10.1002/1521-3978%28200009%2948%3A9/11%3C801%3A%3AAID-PROP801%3E3.0.CO%3B2-1}
}

@article{Milne2020,
  title = {Phase-{{Modulated Entangling Gates Robust}} to {{Static}} and {{Time-Varying Errors}}},
  author = {Milne, A. R. and Edmunds, C. L. and Hempel, C. and Roy, F. and Mavadia, S. and Biercuk, M. J.},
  year = {2020},
  month = feb,
  journal = {Physical Review Applied},
  volume = {13},
  number = {2},
  eprint = {1808.10462},
  eprinttype = {arxiv},
  pages = {024022},
  publisher = {{American Physical Society}},
  issn = {2331-7019},
  doi = {10.1103/PhysRevApplied.13.024022},
  url = {https://link.aps.org/doi/10.1103/PhysRevApplied.13.024022},
  archiveprefix = {arXiv}
}

@article{Mintert2001,
  title = {Ion-{{Trap Quantum Logic Using Long-Wavelength Radiation}}},
  author = {Mintert, F. and Wunderlich, C.},
  year = {2001},
  journal = {Physical Review Letters},
  volume = {87},
  number = {25},
  eprint = {quant-ph/0104041},
  eprinttype = {arxiv},
  pages = {257904},
  issn = {0031-9007},
  doi = {10.1103/PhysRevLett.87.257904},
  url = {https://link.aps.org/doi/10.1103/PhysRevLett.87.257904},
  archiveprefix = {arXiv},
  isbn = {0031-9007},
  pmid = {11736608}
}

@phdthesis{Mintert2004,
  title = {Measures and Dynamics of Entangled States},
  author = {Mintert, Florian},
  year = {2004},
  month = mar,
  url = {https://linkinghub.elsevier.com/retrieve/pii/S0370157305002334},
  urldate = {2022-03-12},
  school = {Ludwig-Maimilians-Universit\"at M\"unchen}
}

@article{Molmer1999,
  title = {Multiparticle {{Entanglement}} of {{Hot Trapped Ions}}},
  author = {M{\o}lmer, K. and S{\o}rensen, A.},
  year = {1999},
  month = mar,
  journal = {Physical Review Letters},
  volume = {82},
  number = {9},
  pages = {1835--1838},
  issn = {0031-9007},
  doi = {10.1103/PhysRevLett.82.1835},
  url = {http://link.aps.org/doi/10.1103/PhysRevLett.82.1835}
}

@article{Monroe1995,
  title = {Demonstration of a {{Fundamental Quantum Logic Gate}}},
  author = {Monroe, C. and Meekhof, D. M. and King, B. E. and Itano, W. M. and Wineland, D. J.},
  year = {1995},
  month = dec,
  journal = {Physical Review Letters},
  volume = {75},
  number = {25},
  pages = {4714--4717},
  issn = {0031-9007},
  doi = {10.1103/PhysRevLett.75.4714},
  url = {https://link.aps.org/doi/10.1103/PhysRevLett.75.4714},
  isbn = {1079-7114},
  pmid = {10059979}
}

@article{Monroe2014,
  title = {Large-Scale Modular Quantum-Computer Architecture with Atomic Memory and Photonic Interconnects},
  author = {Monroe, C. and Raussendorf, R. and Ruthven, A. and Brown, K. R. and Maunz, P. and Duan, L.-M. and Kim, J.},
  year = {2014},
  month = feb,
  journal = {Physical Review A},
  volume = {89},
  number = {2},
  pages = {022317},
  issn = {1050-2947},
  doi = {10.1103/PhysRevA.89.022317},
  url = {https://link.aps.org/doi/10.1103/PhysRevA.89.022317}
}

@article{Monz2011,
  title = {14-{{Qubit Entanglement}}: {{Creation}} and {{Coherence}}},
  shorttitle = {14-{{Qubit Entanglement}}},
  author = {Monz, Thomas and Schindler, Philipp and Barreiro, Julio T. and Chwalla, Michael and Nigg, Daniel and Coish, William A. and Harlander, Maximilian and H{\"a}nsel, Wolfgang and Hennrich, Markus and Blatt, Rainer},
  year = {2011},
  month = mar,
  journal = {Physical Review Letters},
  volume = {106},
  number = {13},
  pages = {130506},
  issn = {0031-9007, 1079-7114},
  doi = {10.1103/PhysRevLett.106.130506},
  url = {https://link.aps.org/doi/10.1103/PhysRevLett.106.130506},
  urldate = {2022-01-24},
  langid = {english}
}

@article{Monz2016,
  title = {Realization of a Scalable {{Shor}} Algorithm},
  author = {Monz, T. and Nigg, D. and Martinez, E. A. and Brandl, M. F. and Schindler, P. and Rines, R. and Wang, S. X. and Chuang, I. L. and Blatt, R.},
  year = {2016},
  month = mar,
  journal = {Science},
  volume = {351},
  number = {6277},
  eprint = {1507.08852},
  eprinttype = {arxiv},
  pages = {1068--1070},
  issn = {0036-8075},
  doi = {10.1126/science.aad9480},
  url = {http://www.sciencemag.org/cgi/doi/10.1126/science.aad9480},
  archiveprefix = {arXiv},
  isbn = {0036-8075},
  pmid = {26941315}
}

@article{Morley2013,
  title = {Quantum Control of Hybrid Nuclear-Electronic Qubits},
  author = {Morley, G. W. and Lueders, P. and Hamed Mohammady, M. and Balian, S. J. and Aeppli, G. and Kay, C. W. M. and Witzel, W. M. and Jeschke, G. and Monteiro, T. S.},
  year = {2013},
  journal = {Nature Materials},
  volume = {12},
  number = {2},
  pages = {103--107},
  publisher = {{Nature Publishing Group}},
  issn = {14764660},
  doi = {10.1038/nmat3499}
}

@article{Motzoi2009,
  title = {Simple {{Pulses}} for {{Elimination}} of {{Leakage}} in {{Weakly Nonlinear Qubits}}},
  author = {Motzoi, F. and Gambetta, J. M. and Rebentrost, P. and Wilhelm, F. K.},
  year = {2009},
  month = sep,
  journal = {Physical Review Letters},
  volume = {103},
  number = {11},
  eprint = {0901.0534},
  eprinttype = {arxiv},
  pages = {110501},
  issn = {0031-9007},
  doi = {10.1103/PhysRevLett.103.110501},
  url = {https://link.aps.org/doi/10.1103/PhysRevLett.103.110501},
  archiveprefix = {arXiv},
  isbn = {0031-9007},
  pmid = {19792356}
}

@article{Muller2015,
  title = {Phonon-to-Spin Mapping in a System of a Trapped Ion via Optimal Control},
  author = {M{\"u}ller, M. M. and Poschinger, U. G. and Calarco, T. and Montangero, S. and {Schmidt-Kaler}, F.},
  year = {2015},
  month = nov,
  journal = {Physical Review A},
  volume = {92},
  number = {5},
  eprint = {1504.02858},
  eprinttype = {arxiv},
  pages = {053423},
  issn = {1050-2947},
  doi = {10.1103/PhysRevA.92.053423},
  url = {https://link.aps.org/doi/10.1103/PhysRevA.92.053423},
  archiveprefix = {arXiv}
}

@article{Muller2019,
  title = {Geometric Phase Gates in Dissipative Quantum Dynamics},
  author = {M{\"u}ller, Kai and Luoma, Kimmo and Strunz, Walter T},
  year = {2019},
  month = jul,
  volume = {2},
  eprint = {1907.08033},
  eprinttype = {arxiv},
  pages = {1--10},
  url = {http://arxiv.org/abs/1907.08033},
  archiveprefix = {arXiv}
}

@article{Myerson2008,
  title = {High-{{Fidelity Readout}} of {{Trapped-Ion Qubits}}},
  author = {Myerson, A. H. and Szwer, D. J. and Webster, S. C. and Allcock, D. T. C. and Curtis, M. J. and Imreh, G. and Sherman, J. A. and Stacey, D. N. and Steane, A. M. and Lucas, D. M.},
  year = {2008},
  month = may,
  journal = {Physical Review Letters},
  volume = {100},
  number = {20},
  pages = {200502},
  issn = {0031-9007, 1079-7114},
  doi = {10.1103/PhysRevLett.100.200502},
  url = {https://link.aps.org/doi/10.1103/PhysRevLett.100.200502},
  urldate = {2022-01-24},
  langid = {english}
}

@article{Nagerl1999,
  title = {Laser Addressing of Individual Ions in a Linear Ion Trap},
  author = {N{\"a}gerl, H. C. and Leibfried, D. and Rohde, H. and Thalhammer, G. and Eschner, J. and {Schmidt-Kaler}, F. and Blatt, R.},
  year = {1999},
  month = jul,
  journal = {Physical Review A},
  volume = {60},
  number = {1},
  pages = {145--148},
  issn = {1050-2947},
  doi = {10.1103/PhysRevA.60.145},
  url = {https://link.aps.org/doi/10.1103/PhysRevA.60.145},
  isbn = {1050-2947}
}

@article{Nagourney1986,
  title = {Shelved Optical Electron Amplifier: {{Observation}} of Quantum Jumps},
  shorttitle = {Shelved Optical Electron Amplifier},
  author = {Nagourney, Warren and Sandberg, Jon and Dehmelt, Hans},
  year = {1986},
  month = jun,
  journal = {Physical Review Letters},
  volume = {56},
  number = {26},
  pages = {2797--2799},
  issn = {0031-9007},
  doi = {10.1103/PhysRevLett.56.2797},
  url = {https://link.aps.org/doi/10.1103/PhysRevLett.56.2797},
  urldate = {2022-01-24},
  langid = {english}
}

@article{Nebendahl2009,
  title = {Optimal Control of Entangling Operations for Trapped-Ion Quantum Computing},
  author = {Nebendahl, V. and H{\"a}ffner, H. and Roos, C. F.},
  year = {2009},
  month = jan,
  journal = {Physical Review A},
  volume = {79},
  number = {1},
  eprint = {0809.1414},
  eprinttype = {arxiv},
  pages = {012312},
  issn = {1050-2947},
  doi = {10.1103/PhysRevA.79.012312},
  url = {http://arxiv.org/abs/0809.1414%0Ahttp://dx.doi.org/10.1103/PhysRevA.79.012312},
  archiveprefix = {arXiv},
  isbn = {1050-2947}
}

@article{Neuhauser1978,
  title = {Optical-{{Sideband Cooling}} of {{Visible Atom Cloud Confined}} in {{Parabolic Well}}},
  author = {Neuhauser, W. and Hohenstatt, M. and Toschek, P. and Dehmelt, H.},
  year = {1978},
  month = jul,
  journal = {Physical Review Letters},
  volume = {41},
  number = {4},
  pages = {233--236},
  issn = {0031-9007},
  doi = {10.1103/PhysRevLett.41.233},
  url = {https://link.aps.org/doi/10.1103/PhysRevLett.41.233}
}

@phdthesis{Newman2018,
  title = {Quantum Thermodynamics in the Strong Coupling Regime},
  author = {Newman, David},
  year = {2018},
  langid = {english},
  school = {Imperial College London}
}

@book{Nielsen2010,
  title = {Quantum Computation and Quantum Information},
  author = {Nielsen, Michael A. and Chuang, Isaac L.},
  year = {2010},
  edition = {10th anniversary ed},
  publisher = {{Cambridge University Press}},
  address = {{Cambridge ; New York}},
  isbn = {978-1-107-00217-3},
  langid = {english},
  lccn = {QA76.889 .N54 2010}
}

@article{Nigmatullin2016,
  title = {Minimally Complex Ion Traps as Modules for Quantum Communication and Computing},
  author = {Nigmatullin, R. and Ballance, C. J. and Beaudrap, N. D. and Benjamin, S. C.},
  year = {2016},
  month = oct,
  journal = {New Journal of Physics},
  volume = {18},
  number = {10},
  eprint = {1605.00111},
  eprinttype = {arxiv},
  pages = {103028},
  publisher = {{IOP Publishing}},
  issn = {1367-2630},
  doi = {10.1088/1367-2630/18/10/103028},
  url = {http://stacks.iop.org/1367-2630/18/i=10/a=103028?key=crossref.c8fca160f1e82f8ee430fa7bd8c3d00d},
  archiveprefix = {arXiv}
}

@article{Nobauer2015,
  title = {Smooth {{Optimal Quantum Control}} for {{Robust Solid-State Spin Magnetometry}}},
  author = {N{\"o}bauer, T. and Angerer, A. and Bartels, B. and Trupke, M. and Rotter, S. and Schmiedmayer, J. and Mintert, F. and Majer, J.},
  year = {2015},
  month = nov,
  journal = {Physical Review Letters},
  volume = {115},
  number = {19},
  eprint = {1412.5051},
  eprinttype = {arxiv},
  pages = {190801},
  issn = {0031-9007},
  doi = {10.1103/PhysRevLett.115.190801},
  url = {https://link.aps.org/doi/10.1103/PhysRevLett.115.190801},
  archiveprefix = {arXiv},
  isbn = {0031-9007},
  pmid = {26588369}
}

@article{Ohtsuki2004,
  title = {Generalized Monotonically Convergent Algorithms for Solving Quantum Optimal Control Problems},
  author = {Ohtsuki, Yukiyoshi and Turinici, Gabriel and Rabitz, Herschel},
  year = {2004},
  month = mar,
  journal = {Journal of Chemical Physics},
  volume = {120},
  number = {12},
  pages = {5509--5517},
  issn = {0021-9606},
  doi = {10.1063/1.1650297},
  url = {http://aip.scitation.org/doi/10.1063/1.1650297},
  isbn = {0021-9606},
  pmid = {15267426}
}

@article{Oi2006,
  title = {Fidelity and {{Coherence Measures}} from {{Interference}}},
  author = {Oi, Daniel K. L. and {\AA}berg, Johan},
  year = {2006},
  month = nov,
  journal = {Physical Review Letters},
  volume = {97},
  number = {22},
  eprint = {quant-ph/0603157},
  eprinttype = {arxiv},
  pages = {220404},
  issn = {0031-9007},
  doi = {10.1103/PhysRevLett.97.220404},
  url = {https://link.aps.org/doi/10.1103/PhysRevLett.97.220404},
  archiveprefix = {arXiv}
}

@article{Olmschenk2007,
  title = {Manipulation and Detection of a Trapped {{Yb}}{\textsuperscript{+}} Hyperfine Qubit},
  author = {Olmschenk, S. and Younge, K. C. and Moehring, D. L. and Matsukevich, D. N. and Maunz, P. and Monroe, C.},
  year = {2007},
  month = nov,
  journal = {Physical Review A},
  volume = {76},
  number = {5},
  pages = {052314},
  issn = {1050-2947, 1094-1622},
  doi = {10.1103/PhysRevA.76.052314},
  url = {https://link.aps.org/doi/10.1103/PhysRevA.76.052314},
  urldate = {2022-02-10},
  langid = {english}
}

@article{Ospelkaus2008,
  title = {Trapped-{{Ion Quantum Logic Gates Based}} on {{Oscillating Magnetic Fields}}},
  author = {Ospelkaus, C. and Langer, C. and Amini, J. and Brown, K. and Leibfried, D. and Wineland, D.},
  year = {2008},
  month = aug,
  journal = {Physical Review Letters},
  volume = {101},
  number = {9},
  eprint = {0805.2165},
  eprinttype = {arxiv},
  pages = {090502},
  issn = {0031-9007},
  doi = {10.1103/PhysRevLett.101.090502},
  url = {https://link.aps.org/doi/10.1103/PhysRevLett.101.090502},
  archiveprefix = {arXiv}
}

@phdthesis{Paige2021,
  title = {Quantum {{Correlations}}: {{Foundational}} and {{Practical Aspects}}},
  author = {Paige, Alexander},
  year = {2021},
  langid = {english},
  school = {Imperial College London}
}

@article{Palmero2017,
  title = {Fast Phase Gates with Trapped Ions},
  author = {Palmero, M. and {Mart{\'i}nez-Garaot}, S. and Leibfried, D. and Wineland, D. J. and Muga, J. G.},
  year = {2017},
  month = feb,
  journal = {Physical Review A},
  volume = {95},
  number = {2},
  pages = {022328},
  issn = {2469-9926},
  doi = {10.1103/PhysRevA.95.022328},
  url = {https://link.aps.org/doi/10.1103/PhysRevA.95.022328}
}

@article{Paul1990,
  title = {Electromagnetic Traps for Charged and Neutral Particles},
  author = {Paul, W.},
  year = {1990},
  month = jul,
  journal = {Reviews of Modern Physics},
  volume = {62},
  number = {3},
  pages = {531--540},
  issn = {0034-6861},
  doi = {10.1103/RevModPhys.62.531},
  url = {https://link.aps.org/doi/10.1103/RevModPhys.62.531},
  isbn = {0570-0833},
  pmid = {21062639}
}

@article{Peirce1988,
  title = {Optimal Control of Quantum-Mechanical Systems: {{Existence}}, Numerical Approximation, and Applications},
  author = {Peirce, A. P. and Dahleh, M. A. and Rabitz, H.},
  year = {1988},
  month = jun,
  journal = {Physical Review A},
  volume = {37},
  number = {12},
  pages = {4950--4964},
  issn = {0556-2791},
  doi = {10.1103/PhysRevA.37.4950},
  url = {https://link.aps.org/doi/10.1103/PhysRevA.37.4950}
}

@article{Peres1996,
  title = {Separability {{Criterion}} for {{Density Matrices}}},
  author = {Peres, Asher},
  year = {1996},
  month = aug,
  journal = {Physical Review Letters},
  volume = {77},
  number = {8},
  pages = {1413--1415},
  issn = {0031-9007, 1079-7114},
  doi = {10.1103/PhysRevLett.77.1413},
  url = {https://link.aps.org/doi/10.1103/PhysRevLett.77.1413},
  urldate = {2022-03-06},
  langid = {english}
}

@article{Peruzzo2014,
  title = {A Variational Eigenvalue Solver on a Photonic Quantum Processor},
  author = {Peruzzo, A. and McClean, J. and Shadbolt, P. and Yung, M.-H. and Zhou, X.-Q. and Love, P. J. and {Aspuru-Guzik}, A. and O'Brien, J. L.},
  year = {2014},
  month = sep,
  journal = {Nature Communications},
  volume = {5},
  number = {1},
  eprint = {1304.3061},
  eprinttype = {arxiv},
  pages = {4213},
  issn = {2041-1723},
  doi = {10.1038/ncomms5213},
  url = {http://www.nature.com/articles/ncomms5213},
  archiveprefix = {arXiv}
}

@article{Phillips1979,
  title = {Seventh Degree Integration Rules for the Cube},
  author = {Phillips, G. M.},
  year = {1979},
  month = mar,
  journal = {BIT},
  volume = {19},
  number = {1},
  pages = {98--103},
  issn = {0006-3835},
  doi = {10.1007/BF01931226},
  url = {http://link.springer.com/10.1007/BF01931226}
}

@article{Phillips1980,
  title = {Seventh Degree Integration Rules for the Sphere},
  author = {Phillips, G. M.},
  year = {1980},
  month = mar,
  journal = {BIT},
  volume = {20},
  number = {1},
  pages = {117--119},
  issn = {0006-3835},
  doi = {10.1007/BF01933595},
  url = {http://link.springer.com/10.1007/BF01933595}
}

@article{Phillips1981,
  title = {Seventh Degree Integration Rules for {{R3}}},
  author = {Phillips, G. M.},
  year = {1981},
  month = mar,
  journal = {BIT},
  volume = {21},
  number = {1},
  pages = {126--128},
  issn = {0006-3835},
  doi = {10.1007/BF01934079},
  url = {http://link.springer.com/10.1007/BF01934079}
}

@article{Pino2021,
  title = {Demonstration of the Trapped-Ion Quantum {{CCD}} Computer Architecture},
  author = {Pino, J. M. and Dreiling, J. M. and Figgatt, C. and Gaebler, J. P. and Moses, S. A. and Allman, M. S. and Baldwin, C. H. and {Foss-Feig}, M. and Hayes, D. and Mayer, K. and {Ryan-Anderson}, C. and Neyenhuis, B.},
  year = {2021},
  month = apr,
  journal = {Nature},
  volume = {592},
  number = {7853},
  pages = {209--213},
  issn = {0028-0836, 1476-4687},
  doi = {10.1038/s41586-021-03318-4},
  url = {http://www.nature.com/articles/s41586-021-03318-4},
  urldate = {2022-02-10},
  langid = {english}
}

@phdthesis{Plato2011,
  title = {Measurement, {{Decoherence}} and {{Master Equations}}},
  author = {Plato, Alexander Douglas Kerr},
  year = {2011},
  langid = {english},
  school = {Imperial College London}
}

@article{Platzer2010,
  title = {Optimal Dynamic Control of Many-Body Entanglement},
  author = {Platzer, F. and Mintert, F. and Buchleitner, A.},
  year = {2010},
  journal = {Physical Review Letters},
  volume = {105},
  number = {2},
  eprint = {0910.4908},
  eprinttype = {arxiv},
  pages = {1--4},
  issn = {00319007},
  doi = {10.1103/PhysRevLett.105.020501},
  archiveprefix = {arXiv},
  pmid = {20867691}
}

@article{Pogorelov2021,
  title = {Compact {{Ion-Trap Quantum Computing Demonstrator}}},
  author = {Pogorelov, I. and Feldker, T. and Marciniak, Ch. D. and Postler, L. and Jacob, G. and Krieglsteiner, O. and Podlesnic, V. and Meth, M. and Negnevitsky, V. and Stadler, M. and H{\"o}fer, B. and W{\"a}chter, C. and Lakhmanskiy, K. and Blatt, R. and Schindler, P. and Monz, T.},
  year = {2021},
  month = jun,
  journal = {PRX Quantum},
  volume = {2},
  number = {2},
  pages = {020343},
  issn = {2691-3399},
  doi = {10.1103/PRXQuantum.2.020343},
  url = {https://link.aps.org/doi/10.1103/PRXQuantum.2.020343},
  urldate = {2022-01-24},
  langid = {english}
}

@article{Poschinger2009,
  title = {Coherent Manipulation of a {\textsuperscript{40}}{{Ca}}{\textsuperscript{+}} Spin Qubit in a Micro Ion Trap},
  author = {Poschinger, U G and Huber, G and Ziesel, F and Dei{\ss}, M and Hettrich, M and Schulz, S A and Singer, K and Poulsen, G and Drewsen, M and Hendricks, R J and {Schmidt-Kaler}, F},
  year = {2009},
  month = aug,
  journal = {Journal of Physics B: Atomic, Molecular and Optical Physics},
  volume = {42},
  number = {15},
  pages = {154013},
  issn = {0953-4075, 1361-6455},
  doi = {10.1088/0953-4075/42/15/154013},
  url = {https://iopscience.iop.org/article/10.1088/0953-4075/42/15/154013},
  urldate = {2022-01-24},
  langid = {english}
}

@article{Powell2002,
  title = {Axialization of {{Laser Cooled Magnesium Ions}} in a {{Penning Trap}}},
  author = {Powell, H. F. and Segal, D. M. and Thompson, R. C.},
  year = {2002},
  month = aug,
  journal = {Physical Review Letters},
  volume = {89},
  number = {9},
  pages = {093003},
  issn = {0031-9007},
  doi = {10.1103/PhysRevLett.89.093003},
  url = {http://link.aps.org/doi/10.1103/PhysRevLett.89.093003},
  isbn = {0031-9007},
  pmid = {12190395}
}

@article{Poyatos1998,
  title = {Quantum {{Gates}} with ``{{Hot}}'' {{Trapped Ions}}},
  author = {Poyatos, J. F. and Cirac, J. I. and Zoller, P.},
  year = {1998},
  month = aug,
  journal = {Physical Review Letters},
  volume = {81},
  number = {6},
  eprint = {quant-ph/9712012},
  eprinttype = {arxiv},
  pages = {1322--1325},
  issn = {0031-9007},
  doi = {10.1103/PhysRevLett.81.1322},
  url = {https://link.aps.org/doi/10.1103/PhysRevLett.81.1322},
  archiveprefix = {arXiv},
  isbn = {1-55752-541-2}
}

@book{Press2007,
  title = {Numerical {{Recipes}}},
  author = {Press, W. H. and Teukolsky, S. A. and Vetterling, W. T. and Flannery, B. P.},
  year = {2007},
  edition = {Third},
  publisher = {{Cambridge University Press}},
  url = {http://numerical.recipes/},
  isbn = {978-0-521-88068-8}
}

@article{Proctor2020,
  title = {Detecting and Tracking Drift in Quantum Information Processors},
  author = {Proctor, T. and Revelle, M. and Nielsen, E. and Rudinger, K. and Lobser, D. and Maunz, P. and {Blume-Kohout}, R. and Young, K.},
  year = {2020},
  month = dec,
  journal = {Nature Communications},
  volume = {11},
  number = {1},
  eprint = {1907.13608},
  eprinttype = {arxiv},
  pages = {5396},
  publisher = {{Springer US}},
  issn = {2041-1723},
  doi = {10.1038/s41467-020-19074-4},
  url = {http://dx.doi.org/10.1038/s41467-020-19074-4},
  archiveprefix = {arXiv},
  pmid = {33106482}
}

@article{Ramsey1950,
  title = {A {{Molecular Beam Resonance Method}} with {{Separated Oscillating Fields}}},
  author = {Ramsey, N. F.},
  year = {1950},
  month = jun,
  journal = {Physical Review},
  volume = {78},
  number = {6},
  pages = {695--699},
  issn = {0031-899X},
  doi = {10.1103/PhysRev.78.695},
  url = {https://link.aps.org/doi/10.1103/PhysRev.78.695},
  isbn = {0031-9007},
  pmid = {9962131}
}

@article{Rana2016,
  title = {Trace-Distance Measure of Coherence},
  author = {Rana, Swapan and Parashar, Preeti and Lewenstein, Maciej},
  year = {2016},
  month = jan,
  journal = {Physical Review A},
  volume = {93},
  number = {1},
  pages = {012110},
  issn = {2469-9926, 2469-9934},
  doi = {10.1103/PhysRevA.93.012110},
  url = {https://link.aps.org/doi/10.1103/PhysRevA.93.012110},
  urldate = {2022-03-07},
  langid = {english}
}

@article{Reagor2018,
  title = {Demonstration of Universal Parametric Entangling Gates on a Multi-Qubit Lattice},
  author = {Reagor, Matthew and Osborn, Christopher B. and Tezak, Nikolas and Staley, Alexa and Prawiroatmodjo, Guenevere and Scheer, Michael and Alidoust, Nasser and Sete, Eyob A. and Didier, Nicolas and {da Silva}, Marcus P. and Acala, Ezer and Angeles, Joel and Bestwick, Andrew and Block, Maxwell and Bloom, Benjamin and Bradley, Adam and Bui, Catvu and Caldwell, Shane and Capelluto, Lauren and Chilcott, Rick and Cordova, Jeff and Crossman, Genya and Curtis, Michael and Deshpande, Saniya and El Bouayadi, Tristan and Girshovich, Daniel and Hong, Sabrina and Hudson, Alex and Karalekas, Peter and Kuang, Kat and Lenihan, Michael and Manenti, Riccardo and Manning, Thomas and Marshall, Jayss and Mohan, Yuvraj and O'Brien, William and Otterbach, Johannes and Papageorge, Alexander and Paquette, Jean-Philip and Pelstring, Michael and Polloreno, Anthony and Rawat, Vijay and Ryan, Colm A. and Renzas, Russ and Rubin, Nick and Russel, Damon and Rust, Michael and Scarabelli, Diego and Selvanayagam, Michael and Sinclair, Rodney and Smith, Robert and Suska, Mark and To, Ting-Wai and Vahidpour, Mehrnoosh and Vodrahalli, Nagesh and Whyland, Tyler and Yadav, Kamal and Zeng, William and Rigetti, Chad T.},
  year = {2018},
  month = feb,
  journal = {Science Advances},
  volume = {4},
  number = {2},
  eprint = {1706.06570},
  eprinttype = {arxiv},
  pages = {eaao3603},
  issn = {2375-2548},
  doi = {10.1126/sciadv.aao3603},
  url = {https://advances.sciencemag.org/lookup/doi/10.1126/sciadv.aao3603},
  archiveprefix = {arXiv},
  pmid = {29423443}
}

@article{Riebe2006,
  title = {Process {{Tomography}} of {{Ion Trap Quantum Gates}}},
  author = {Riebe, M. and Kim, K. and Schindler, P. and Monz, T. and Schmidt, P. O. and K{\"o}rber, T. K. and H{\"a}nsel, W. and H{\"a}ffner, H. and Roos, C. F. and Blatt, R.},
  year = {2006},
  month = dec,
  journal = {Physical Review Letters},
  volume = {97},
  number = {22},
  eprint = {quant-ph/0609228},
  eprinttype = {arxiv},
  pages = {220407},
  issn = {0031-9007},
  doi = {10.1103/PhysRevLett.97.220407},
  url = {https://link.aps.org/doi/10.1103/PhysRevLett.97.220407},
  archiveprefix = {arXiv},
  isbn = {0031-9007},
  pmid = {17155786}
}

@article{Ringbauer2018,
  title = {Certification and {{Quantification}} of {{Multilevel Quantum Coherence}}},
  author = {Ringbauer, M. and Bromley, T. R. and Cianciaruso, M. and Lami, L. and Lau, W. Y. S. and Adesso, G. and White, A. G. and Fedrizzi, A. and Piani, M.},
  year = {2018},
  month = oct,
  journal = {Physical Review X},
  volume = {8},
  number = {4},
  eprint = {1707.05282},
  eprinttype = {arxiv},
  pages = {041007},
  publisher = {{American Physical Society}},
  issn = {2160-3308},
  doi = {10.1103/PhysRevX.8.041007},
  url = {http://arxiv.org/abs/1707.05282},
  archiveprefix = {arXiv}
}

@article{Riste2012,
  title = {Feedback {{Control}} of a {{Solid-State Qubit Using High-Fidelity Projective Measurement}}},
  author = {Rist{\`e}, D. and Bultink, C. C. and Lehnert, K. W. and DiCarlo, L.},
  year = {2012},
  month = dec,
  journal = {Physical Review Letters},
  volume = {109},
  number = {24},
  eprint = {1207.2944},
  eprinttype = {arxiv},
  pages = {240502},
  issn = {0031-9007},
  doi = {10.1103/PhysRevLett.109.240502},
  url = {https://link.aps.org/doi/10.1103/PhysRevLett.109.240502},
  archiveprefix = {arXiv}
}

@article{Roberts1997,
  title = {Observation of an {{Electric Octupole Transition}} in a {{Single Ion}}},
  author = {Roberts, M. and Taylor, P. and Barwood, G. P. and Gill, P. and Klein, H. A. and Rowley, W. R. C.},
  year = {1997},
  month = mar,
  journal = {Physical Review Letters},
  volume = {78},
  number = {10},
  pages = {1876--1879},
  issn = {0031-9007, 1079-7114},
  doi = {10.1103/PhysRevLett.78.1876},
  url = {https://link.aps.org/doi/10.1103/PhysRevLett.78.1876},
  urldate = {2022-01-31},
  langid = {english}
}

@article{Roffe2019,
  title = {Quantum Error Correction: An Introductory Guide},
  shorttitle = {Quantum Error Correction},
  author = {Roffe, Joschka},
  year = {2019},
  month = jul,
  journal = {Contemporary Physics},
  volume = {60},
  number = {3},
  pages = {226--245},
  issn = {0010-7514, 1366-5812},
  doi = {10.1080/00107514.2019.1667078},
  url = {https://www.tandfonline.com/doi/full/10.1080/00107514.2019.1667078},
  urldate = {2022-04-29},
  langid = {english}
}

@article{Rojan2014,
  title = {Arbitrary-Quantum-State Preparation of a Harmonic Oscillator via Optimal Control},
  author = {Rojan, Katharina and Reich, Daniel M. and Dotsenko, Igor and Raimond, Jean Michel and Koch, Christiane P. and Morigi, Giovanna},
  year = {2014},
  journal = {Physical Review A},
  volume = {90},
  number = {2},
  eprint = {1406.6572},
  eprinttype = {arxiv},
  pages = {1--11},
  issn = {10941622},
  doi = {10.1103/PhysRevA.90.023824},
  archiveprefix = {arXiv}
}

@article{Romero-Isart2007,
  title = {Quantum Ratchets for Quantum Communication with Optical Superlattices},
  author = {{Romero-Isart}, O. and {Garc{\'i}a-Ripoll}, J. J.},
  year = {2007},
  month = nov,
  journal = {Physical Review A},
  volume = {76},
  number = {5},
  eprint = {0709.3463},
  eprinttype = {arxiv},
  pages = {052304},
  issn = {1050-2947},
  doi = {10.1103/PhysRevA.76.052304},
  url = {https://link.aps.org/doi/10.1103/PhysRevA.76.052304},
  archiveprefix = {arXiv}
}

@article{Rong2015,
  title = {Experimental Fault-Tolerant Universal Quantum Gates with Solid-State Spins under Ambient Conditions},
  author = {Rong, Xing and Geng, Jianpei and Shi, Fazhan and Liu, Ying and Xu, Kebiao and Ma, Wenchao and Kong, Fei and Jiang, Zhen and Wu, Yang and Du, Jiangfeng},
  year = {2015},
  month = dec,
  journal = {Nature Communications},
  volume = {6},
  number = {1},
  eprint = {1506.08627},
  eprinttype = {arxiv},
  pages = {8748},
  publisher = {{Nature Publishing Group}},
  issn = {2041-1723},
  doi = {10.1038/ncomms9748},
  url = {http://www.nature.com/articles/ncomms9748},
  archiveprefix = {arXiv}
}

@phdthesis{Roos2000,
  title = {Controlling the {{Quantum State}} of {{Trapped Ions}}},
  author = {Roos, Christian Felix},
  year = {2000},
  school = {University of Innsbruck}
}

@article{Roos2008,
  title = {Ion Trap Quantum Gates with Amplitude-Modulated Laser Beams},
  author = {Roos, C. F.},
  year = {2008},
  month = jan,
  journal = {New Journal of Physics},
  volume = {10},
  number = {1},
  eprint = {0710.1204},
  eprinttype = {arxiv},
  pages = {013002},
  issn = {1367-2630},
  doi = {10.1088/1367-2630/10/1/013002},
  url = {http://stacks.iop.org/1367-2630/10/i=1/a=013002?key=crossref.0cd67d9408fea34e2d258aeb1f179ffd},
  archiveprefix = {arXiv}
}

@article{Rosenband2007,
  title = {Observation of the {\textsuperscript{1}}{{S}}{\textsubscript{0}}\textrightarrow{\textsuperscript{3}}{{P}}{\textsubscript{0}} Clock Transition in {\textsuperscript{27}}{{Al}}{\textsuperscript{+}}},
  author = {Rosenband, T. and Schmidt, P. and Hume, D. and Itano, W. and Fortier, T. and Stalnaker, J. and Kim, K. and Diddams, S. and Koelemeij, J. and Bergquist, J. and Wineland, D.},
  year = {2007},
  month = may,
  journal = {Physical Review Letters},
  volume = {98},
  number = {22},
  pages = {220801},
  issn = {0031-9007},
  doi = {10.1103/PhysRevLett.98.220801},
  url = {https://link.aps.org/doi/10.1103/PhysRevLett.98.220801}
}

@article{Runge1901,
  title = {\"Uber Empirische {{Funktionen}} under Die {{Interpolation}} Zwischen \"Aquidistanten {{Ordinaten}}},
  author = {Runge, C.},
  year = {1901},
  journal = {Zeitschrift f\"ur Mathematik under Physik},
  volume = {46},
  pages = {224}
}

@article{Ruster2016,
  title = {A Long-Lived {{Zeeman}} Trapped-Ion Qubit},
  author = {Ruster, T. and Schmiegelow, C. T. and Kaufmann, H. and Warschburger, C. and {Schmidt-Kaler}, F. and Poschinger, U. G.},
  year = {2016},
  month = oct,
  journal = {Applied Physics B},
  volume = {122},
  number = {10},
  pages = {254},
  issn = {0946-2171, 1432-0649},
  doi = {10.1007/s00340-016-6527-4},
  url = {http://link.springer.com/10.1007/s00340-016-6527-4},
  urldate = {2022-01-24},
  langid = {english}
}

@article{Sackett2000,
  title = {Experimental Entanglement of Four Particles},
  author = {Sackett, C. A. and Kielpinski, D. and King, B. E. and Langer, C. and Meyer, V. and Myatt, C. J. and Rowe, M. and Turchette, Q. A. and Itano, W. M. and Wineland, D. J. and Monroe, C.},
  year = {2000},
  journal = {Nature},
  volume = {404},
  number = {6775},
  pages = {256--9},
  issn = {1476-4687},
  doi = {10.1038/35005011},
  url = {http://www.ncbi.nlm.nih.gov/pubmed/10749201},
  isbn = {0028-0836},
  pmid = {10749201}
}

@article{Sameti2021,
  title = {Strong-Coupling Quantum Logic of Trapped Ions},
  author = {Sameti, Mahdi and Lishman, Jake and Mintert, Florian},
  year = {2021},
  month = may,
  journal = {Physical Review A},
  volume = {103},
  number = {5},
  eprint = {2003.11718},
  eprinttype = {arxiv},
  pages = {052603},
  issn = {2469-9926, 2469-9934},
  doi = {10.1103/PhysRevA.103.052603},
  url = {https://link.aps.org/doi/10.1103/PhysRevA.103.052603},
  urldate = {2021-11-14},
  archiveprefix = {arXiv},
  langid = {english}
}

@misc{Sameti2021Code,
  title = {Code Accompaniment to {\emph{(}}{{{\emph{Sameti}}}}{\emph{, }}{{{\emph{Lishman}}}}{\emph{ and }}{{{\emph{Mintert}}}}{\emph{, 2021)}}},
  author = {Lishman, Jake},
  year = {2021},
  url = {https://github.com/ImperialCQD/Strong-Coupling-Quantum-Logic-of-Trapped-Ions}
}

@article{Santos2019,
  title = {The Role of Quantum Coherence in Non-Equilibrium Entropy Production},
  author = {Santos, Jader P. and C{\'e}leri, Lucas C. and Landi, Gabriel T. and Paternostro, Mauro},
  year = {2019},
  month = dec,
  journal = {npj Quantum Information},
  volume = {5},
  number = {1},
  eprint = {1707.08946},
  eprinttype = {arxiv},
  pages = {23},
  publisher = {{Springer US}},
  issn = {2056-6387},
  doi = {10.1038/s41534-019-0138-y},
  url = {http://dx.doi.org/10.1038/s41534-019-0138-y},
  archiveprefix = {arXiv}
}

@article{Sauter1986,
  title = {Observation of {{Quantum Jumps}}},
  author = {Sauter, Th. and Neuhauser, W. and Blatt, R. and Toschek, P. E.},
  year = {1986},
  month = oct,
  journal = {Physical Review Letters},
  volume = {57},
  number = {14},
  pages = {1696--1698},
  issn = {0031-9007},
  doi = {10.1103/PhysRevLett.57.1696},
  url = {https://link.aps.org/doi/10.1103/PhysRevLett.57.1696},
  urldate = {2022-01-24},
  langid = {english}
}

@phdthesis{Sauvage2021,
  title = {Optimizing {{Quantum Dynamics}} in the {{Age}} of {{Machine Learning}}},
  author = {Sauvage, Frederic},
  year = {2021},
  langid = {english},
  school = {Imperial College London}
}

@article{Schaefer2018,
  title = {Fast Quantum Logic Gates with Trapped-Ion Qubits},
  author = {Sch{\"a}fer, V. M. and Ballance, C. J. and Thirumalai, K. and Stephenson, L. J. and Ballance, T. G. and Steane, A. M. and Lucas, D. M.},
  year = {2018},
  month = feb,
  journal = {Nature},
  volume = {555},
  number = {7694},
  eprint = {1709.06952},
  eprinttype = {arxiv},
  pages = {75--78},
  publisher = {{Nature Publishing Group}},
  issn = {0028-0836},
  doi = {10.1038/nature25737},
  url = {http://www.nature.com/doifinder/10.1038/nature25737},
  archiveprefix = {arXiv}
}

@phdthesis{Schafer2018,
  title = {Fast {{Gates}} and {{Mixed-Species Entanglement}} with {{Trapped Ions}}},
  author = {Sch{\"a}fer, Vera M.},
  year = {2018},
  doi = {10.1007/978-3-030-40285-3},
  url = {http://link.springer.com/10.1007/978-3-030-40285-3},
  urldate = {2022-02-10},
  langid = {english},
  school = {University of Oxford}
}

@article{Schmidt-Kaler2003,
  title = {Realization of the {{Cirac}}\textendash{{Zoller}} Controlled-{{NOT}} Quantum Gate},
  author = {{Schmidt-Kaler}, F. and H{\"a}ffner, H. and Riebe, M. and Gulde, S. and Lancaster, G. P. T. and Deuschle, T. and Becher, C. and Roos, C. F. and Eschner, J. and Blatt, R.},
  year = {2003},
  month = mar,
  journal = {Nature},
  volume = {422},
  number = {6930},
  pages = {408--411},
  publisher = {{IEEE}},
  issn = {0028-0836},
  doi = {10.1038/nature01494},
  url = {http://www.nature.com/doifinder/10.1038/nature01494},
  isbn = {0-7803-7733-8},
  pmid = {12660777}
}

@article{Schmidt-Kaler2003a,
  title = {How to Realize a Universal Quantum Gate with Trapped Ions},
  author = {{Schmidt-Kaler}, F. and H{\"a}ffner, H. and Gulde, S. and Riebe, M. and Lancaster, G. P. T. and Deuschle, T. and Becher, C. and H{\"a}nsel, W. and Eschner, J. and Roos, C. F. and Blatt, R.},
  year = {2003},
  month = dec,
  journal = {Applied Physics B},
  volume = {77},
  number = {8},
  eprint = {quant-ph/0312162},
  eprinttype = {arxiv},
  pages = {789--796},
  issn = {0946-2171},
  doi = {10.1007/s00340-003-1346-9},
  url = {http://link.springer.com/10.1007/s00340-003-1346-9},
  archiveprefix = {arXiv},
  isbn = {0034000313}
}

@article{Schmidt2005,
  title = {Spectroscopy Using Quantum Logic},
  author = {Schmidt, P. O. and Rosenband, T. and Langer, C. and Itano, W. M. and Bergquist, J. C. and Wineland, D. J.},
  year = {2005},
  journal = {Science},
  volume = {309},
  number = {5735},
  pages = {749--752},
  issn = {00368075},
  doi = {10.1126/science.1114375}
}

@article{Schneider2017,
  title = {Double-Trap Measurement of the Proton Magnetic Moment at 0.3 Parts per Billion Precision},
  author = {Schneider, G. and Mooser, A. and Bohman, M. and Sch{\"o}n, N. and Harrington, J. and Higuchi, T. and Nagahama, H. and Sellner, S. and Smorra, C. and Blaum, K. and Matsuda, Y. and Quint, W. and Walz, J. and Ulmer, S.},
  year = {2017},
  month = nov,
  journal = {Science},
  volume = {358},
  number = {6366},
  pages = {1081--1084},
  issn = {0036-8075},
  doi = {10.1126/science.aan0207},
  url = {http://www.sciencemag.org/lookup/doi/10.1126/science.aan0207}
}

@phdthesis{Schofield2021,
  title = {Dibenzoterrylene as a {{Single Photon Source}}},
  author = {Schofield, Ross Charles},
  year = {2021},
  langid = {english},
  school = {Imperial College London}
}

@article{Schumacher1995,
  title = {Quantum Coding},
  author = {Schumacher, B.},
  year = {1995},
  month = apr,
  journal = {Physical Review A},
  volume = {51},
  number = {4},
  eprint = {quant-ph/9809023},
  eprinttype = {arxiv},
  pages = {2738--2747},
  issn = {1050-2947},
  doi = {10.1103/PhysRevA.51.2738},
  url = {https://link.aps.org/doi/10.1103/PhysRevA.51.2738},
  archiveprefix = {arXiv},
  isbn = {10502947 (ISSN)},
  pmid = {9911903}
}

@article{Seif2018,
  title = {Machine Learning Assisted Readout of Trapped-Ion Qubits},
  author = {Seif, A. and Landsman, K. A. and Linke, N. M. and Figgatt, C. and Monroe, C. and Hafezi, M.},
  year = {2018},
  month = sep,
  journal = {Journal of Physics B},
  volume = {51},
  number = {17},
  eprint = {1804.07718},
  eprinttype = {arxiv},
  pages = {174006},
  publisher = {{IOP Publishing}},
  issn = {0953-4075},
  doi = {10.1088/1361-6455/aad62b},
  url = {http://arxiv.org/abs/1804.07718},
  archiveprefix = {arXiv}
}

@article{Shaniv2019,
  title = {Quadrupole {{Shift Cancellation Using Dynamic Decoupling}}},
  author = {Shaniv, R. and Akerman, N. and Manovitz, T. and Shapira, Y. and Ozeri, R.},
  year = {2019},
  month = jun,
  journal = {Physical Review Letters},
  volume = {122},
  number = {22},
  eprint = {1808.10727},
  eprinttype = {arxiv},
  pages = {223204},
  publisher = {{American Physical Society}},
  issn = {0031-9007},
  doi = {10.1103/PhysRevLett.122.223204},
  url = {https://link.aps.org/doi/10.1103/PhysRevLett.122.223204},
  archiveprefix = {arXiv}
}

@article{Shapira2018,
  title = {Robust Entanglement Gates for Trapped-Ion Qubits},
  author = {Shapira, Y. and Shaniv, R. and Manovitz, T. and Akerman, N. and Ozeri, R.},
  year = {2018},
  month = may,
  journal = {Physical Review Letters},
  volume = {121},
  number = {18},
  eprint = {1805.06806},
  eprinttype = {arxiv},
  pages = {180502},
  publisher = {{American Physical Society}},
  issn = {0031-9007},
  doi = {10.1103/PhysRevLett.121.180502},
  url = {http://arxiv.org/abs/1805.06806},
  archiveprefix = {arXiv},
  isbn = {1595933158}
}

@article{Shen2012,
  title = {Correcting Detection Errors in Quantum State Engineering through Data Processing},
  author = {Shen, C. and Duan, L.-M.},
  year = {2012},
  month = may,
  journal = {New Journal of Physics},
  volume = {14},
  number = {5},
  pages = {053053},
  issn = {1367-2630},
  doi = {10.1088/1367-2630/14/5/053053},
  url = {http://stacks.iop.org/1367-2630/14/i=5/a=053053?key=crossref.c810fdd15c8684101336a81198187733}
}

@article{Shi2017,
  title = {Coherence Depletion in the {{Grover}} Quantum Search Algorithm},
  author = {Shi, Hai-Long and Liu, Si-Yuan and Wang, Xiao-Hui and Yang, Wen-Li and Yang, Zhan-Ying and Fan, Heng},
  year = {2017},
  month = mar,
  journal = {Physical Review A},
  volume = {95},
  number = {3},
  eprint = {1610.08656},
  eprinttype = {arxiv},
  pages = {032307},
  issn = {2469-9926},
  doi = {10.1103/PhysRevA.95.032307},
  url = {https://link.aps.org/doi/10.1103/PhysRevA.95.032307},
  archiveprefix = {arXiv}
}

@article{Shirley1965,
  title = {Solution of the {{Schr\"odinger Equation}} with a {{Hamiltonian Periodic}} in {{Time}}},
  author = {Shirley, Jon H.},
  year = {1965},
  month = may,
  journal = {Physical Review},
  volume = {138},
  number = {4B},
  pages = {B979-B987},
  issn = {0031-899X},
  doi = {10.1103/PhysRev.138.B979},
  url = {https://link.aps.org/doi/10.1103/PhysRev.138.B979},
  isbn = {0031899X}
}

@inproceedings{Shor1994,
  title = {Algorithms for Quantum Computation: Discrete Logarithms and Factoring},
  booktitle = {Proceedings 35th {{Annual Symposium}} on {{Foundations}} of {{Computer Science}}},
  author = {Shor, P. W.},
  year = {1994},
  pages = {124--134},
  publisher = {{IEEE Comput. Soc. Press}},
  issn = {0272-5428},
  doi = {10.1109/SFCS.1994.365700},
  url = {http://ieeexplore.ieee.org/document/365700/},
  isbn = {0-8186-6580-7}
}

@article{Shor1997,
  title = {Polynomial-{{Time Algorithms}} for {{Prime Factorization}} and {{Discrete Logarithms}} on a {{Quantum Computer}}},
  author = {Shor, P. W.},
  year = {1997},
  month = oct,
  journal = {SIAM Journal on Computing},
  volume = {26},
  number = {5},
  eprint = {quant-ph/9508027},
  eprinttype = {arxiv},
  pages = {1484--1509},
  issn = {0097-5397},
  doi = {10.1137/S0097539795293172},
  url = {http://epubs.siam.org/doi/10.1137/S0097539795293172},
  archiveprefix = {arXiv},
  isbn = {0097539795293},
  pmid = {21368829}
}

@article{Skinner2003,
  title = {Application of Optimal Control Theory to the Design of Broadband Excitation Pulses for High-Resolution {{NMR}}},
  author = {Skinner, T. E. and Reiss, T. O. and Luy, B. and Khaneja, N. and Glaser, S. J.},
  year = {2003},
  month = jul,
  journal = {Journal of Magnetic Resonance},
  volume = {163},
  number = {1},
  pages = {8--15},
  issn = {10907807},
  doi = {10.1016/S1090-7807(03)00153-8},
  url = {http://linkinghub.elsevier.com/retrieve/pii/S1090780703001538},
  isbn = {1090-7807},
  pmid = {12852902}
}

@article{Skinner2010,
  title = {Optimal Control Design of Pulse Shapes as Analytic Functions},
  author = {Skinner, Thomas E. and Gershenzon, Naum I.},
  year = {2010},
  month = jun,
  journal = {Journal of Magnetic Resonance},
  volume = {204},
  number = {2},
  pages = {248--255},
  publisher = {{Elsevier Inc.}},
  issn = {10907807},
  doi = {10.1016/j.jmr.2010.03.002},
  url = {http://linkinghub.elsevier.com/retrieve/pii/S1090780710000583},
  pmid = {20356771}
}

@article{Sklarz2002,
  title = {Loading a {{Bose-Einstein}} Condensate onto an Optical Lattice: {{An}} Application of Optimal Control Theory to the Nonlinear {{Schr\"odinger}} Equation},
  author = {Sklarz, S. E. and Tannor, D. J.},
  year = {2002},
  month = nov,
  journal = {Physical Review A},
  volume = {66},
  number = {5},
  eprint = {cond-mat/0209195},
  eprinttype = {arxiv},
  pages = {053619},
  issn = {1050-2947},
  doi = {10.1103/PhysRevA.66.053619},
  url = {https://link.aps.org/doi/10.1103/PhysRevA.66.053619},
  archiveprefix = {arXiv}
}

@article{Skosana2021,
  title = {Demonstration of {{Shor}}'s Factoring Algorithm for {{N}} = 21 on {{IBM}} Quantum Processors},
  author = {Skosana, Unathi and Tame, Mark},
  year = {2021},
  month = dec,
  journal = {Scientific Reports},
  volume = {11},
  number = {1},
  pages = {16599},
  issn = {2045-2322},
  doi = {10.1038/s41598-021-95973-w},
  url = {https://www.nature.com/articles/s41598-021-95973-w},
  urldate = {2022-04-29},
  langid = {english}
}

@article{Solano1999,
  title = {Deterministic {{Bell}} States and Measurement of the Motional State of Two Trapped Ions},
  author = {Solano, E. and {de Matos Filho}, R. L. and Zagury, N.},
  year = {1999},
  month = apr,
  journal = {Physical Review A},
  volume = {59},
  number = {4},
  pages = {R2539-R2543},
  issn = {1050-2947, 1094-1622},
  doi = {10.1103/PhysRevA.59.R2539},
  url = {https://link.aps.org/doi/10.1103/PhysRevA.59.R2539},
  urldate = {2022-02-08},
  langid = {english}
}

@article{Sorensen1999,
  title = {Quantum {{Computation}} with {{Ions}} in {{Thermal Motion}}},
  author = {S{\o}rensen, Anders and M{\o}lmer, Klaus},
  year = {1999},
  month = mar,
  journal = {Physical Review Letters},
  volume = {82},
  number = {9},
  eprint = {quant-ph/9810039},
  eprinttype = {arxiv},
  pages = {1971--1974},
  issn = {0031-9007},
  doi = {10.1103/PhysRevLett.82.1971},
  url = {http://arxiv.org/abs/quant-ph/9810039%5Cnhttp://link.aps.org/doi/10.1103/PhysRevLett.82.1971},
  archiveprefix = {arXiv},
  isbn = {1050-2947}
}

@article{Sorensen2000,
  title = {Entanglement and Quantum Computation with Ions in Thermal Motion},
  author = {S{\o}rensen, A. and M{\o}lmer, K.},
  year = {2000},
  month = jul,
  journal = {Physical Review A},
  volume = {62},
  number = {2},
  eprint = {quant-ph/0002024},
  eprinttype = {arxiv},
  pages = {022311},
  issn = {1050-2947},
  doi = {10.1103/PhysRevA.62.022311},
  url = {https://link.aps.org/doi/10.1103/PhysRevA.62.022311},
  archiveprefix = {arXiv},
  isbn = {1050-2947}
}

@article{Sperling2015,
  title = {Convex Ordering and Quantification of Quantumness},
  author = {Sperling, J. and Vogel, W.},
  year = {2015},
  month = jun,
  journal = {Physica Scripta},
  volume = {90},
  number = {7},
  eprint = {1004.1944},
  eprinttype = {arxiv},
  pages = {074024},
  publisher = {{IOP Publishing}},
  issn = {0031-8949},
  doi = {10.1088/0031-8949/90/7/074024},
  url = {https://iopscience.iop.org/article/10.1088/0031-8949/90/7/074024},
  archiveprefix = {arXiv}
}

@article{Srinivas2021,
  title = {High-Fidelity Laser-Free Universal Control of Trapped Ion Qubits},
  author = {Srinivas, R. and Burd, S. C. and Knaack, H. M. and Sutherland, R. T. and Kwiatkowski, A. and Glancy, S. and Knill, E. and Wineland, D. J. and Leibfried, D. and Wilson, A. C. and Allcock, D. T. C. and Slichter, D. H.},
  year = {2021},
  month = sep,
  journal = {Nature},
  volume = {597},
  number = {7875},
  pages = {209--213},
  issn = {0028-0836, 1476-4687},
  doi = {10.1038/s41586-021-03809-4},
  url = {https://www.nature.com/articles/s41586-021-03809-4},
  urldate = {2021-12-19},
  langid = {english}
}

@article{Steane1997,
  title = {The {{Ion Trap Quantum Information Processor}}},
  author = {Steane, A.},
  year = {1997},
  month = jun,
  journal = {Applied Physics B: Lasers and Optics},
  volume = {64},
  number = {6},
  pages = {623--643},
  issn = {0946-2171, 1432-0649},
  doi = {10.1007/s003400050225},
  url = {http://link.springer.com/10.1007/s003400050225},
  urldate = {2021-12-31},
  langid = {english}
}

@article{Steane2000,
  title = {Speed of Ion-Trap Quantum-Information Processors},
  author = {Steane, A. and Roos, C. F. and Stevens, D. and Mundt, A. and Leibfried, D. and {Schmidt-Kaler}, F. and Blatt, R.},
  year = {2000},
  month = sep,
  journal = {Physical Review A},
  volume = {62},
  number = {4},
  eprint = {quant-ph/0003087},
  eprinttype = {arxiv},
  pages = {042305},
  issn = {1050-2947},
  doi = {10.1103/PhysRevA.62.042305},
  url = {https://link.aps.org/doi/10.1103/PhysRevA.62.042305},
  archiveprefix = {arXiv}
}

@article{Steane2014,
  title = {Pulsed Force Sequences for Fast Phase-Insensitive Quantum Gates in Trapped Ions},
  author = {Steane, A. M. and Imreh, G. and Home, J. P. and Leibfried, D.},
  year = {2014},
  month = may,
  journal = {New Journal of Physics},
  volume = {16},
  number = {5},
  eprint = {1312.5645},
  eprinttype = {arxiv},
  pages = {053049},
  publisher = {{IOP Publishing}},
  issn = {1367-2630},
  doi = {10.1088/1367-2630/16/5/053049},
  url = {http://stacks.iop.org/1367-2630/16/i=5/a=053049?key=crossref.e62242f1cd119c29c6d00c292564f197},
  archiveprefix = {arXiv},
  isbn = {1367-2630}
}

@article{Stenberg2016,
  title = {Characterization of Decohering Quantum Systems: {{Machine}} Learning Approach},
  author = {Stenberg, Markku P.V. and K{\"o}hn, Oliver and Wilhelm, Frank K.},
  year = {2016},
  journal = {Physical Review A},
  volume = {93},
  number = {1},
  eprint = {1510.05655},
  eprinttype = {arxiv},
  pages = {1--16},
  issn = {24699934},
  doi = {10.1103/PhysRevA.93.012122},
  archiveprefix = {arXiv}
}

@book{Stengel1994,
  title = {Optimal {{Control}} and {{Estimation}}},
  author = {Stengel, R. F.},
  year = {1994},
  edition = {Second},
  publisher = {{Dover Publications}}
}

@article{Stephenson2020,
  title = {High-{{Rate}}, {{High-Fidelity Entanglement}} of {{Qubits Across}} an {{Elementary Quantum Network}}},
  author = {Stephenson, L. J. and Nadlinger, D. P. and Nichol, B. C. and An, S. and Drmota, P. and Ballance, T. G. and Thirumalai, K. and Goodwin, J. F. and Lucas, D. M. and Ballance, C. J.},
  year = {2020},
  month = mar,
  journal = {Physical Review Letters},
  volume = {124},
  number = {11},
  pages = {110501},
  issn = {0031-9007, 1079-7114},
  doi = {10.1103/PhysRevLett.124.110501},
  url = {https://link.aps.org/doi/10.1103/PhysRevLett.124.110501},
  urldate = {2022-03-15},
  langid = {english}
}

@article{Streltsov2015,
  title = {Measuring {{Quantum Coherence}} with {{Entanglement}}},
  author = {Streltsov, Alexander and Singh, Uttam and Dhar, Himadri Shekhar and Bera, Manabendra Nath and Adesso, Gerardo},
  year = {2015},
  month = jul,
  journal = {Physical Review Letters},
  volume = {115},
  number = {2},
  pages = {020403},
  issn = {0031-9007, 1079-7114},
  doi = {10.1103/PhysRevLett.115.020403},
  url = {https://link.aps.org/doi/10.1103/PhysRevLett.115.020403},
  urldate = {2022-03-07},
  langid = {english}
}

@article{Streltsov2017,
  title = {{\emph{Colloquium:}} {{Quantum}} Coherence as a Resource},
  author = {Streltsov, A. and Adesso, G. and Plenio, M. B.},
  year = {2017},
  month = oct,
  journal = {Reviews of Modern Physics},
  volume = {89},
  number = {4},
  pages = {041003},
  issn = {0034-6861},
  doi = {10.1103/RevModPhys.89.041003},
  url = {https://link.aps.org/doi/10.1103/RevModPhys.89.041003}
}

@book{Stroud1971,
  title = {Approximate {{Calculation}} of {{Multiple Integrals}}},
  author = {Stroud, A. H.},
  year = {1971},
  edition = {First},
  publisher = {{Prentice-Hall}}
}

@article{Struck2012,
  title = {Tunable {{Gauge Potential}} for {{Neutral}} and {{Spinless Particles}} in {{Driven Optical Lattices}}},
  author = {Struck, J. and {\"O}lschl{\"a}ger, C. and Weinberg, M. and Hauke, P. and Simonet, J. and Eckardt, A. and Lewenstein, M. and Sengstock, K. and Windpassinger, P.},
  year = {2012},
  month = may,
  journal = {Physical Review Letters},
  volume = {108},
  number = {22},
  eprint = {1203.0049},
  eprinttype = {arxiv},
  pages = {225304},
  issn = {0031-9007},
  doi = {10.1103/PhysRevLett.108.225304},
  url = {https://link.aps.org/doi/10.1103/PhysRevLett.108.225304},
  archiveprefix = {arXiv},
  pmid = {23003613}
}

@phdthesis{Stutter2016,
  title = {Quantum Dynamics of Small Numbers of Ions in a Penning Trap},
  author = {Stutter, G.},
  year = {2016},
  url = {https://spiral.imperial.ac.uk/handle/10044/1/31473},
  school = {Imperial College London}
}

@article{Sutherland2019,
  title = {Versatile Laser-Free Trapped-Ion Entangling Gates},
  author = {Sutherland, R. T. and Srinivas, R. and Burd, S. C. and Leibfried, D. and Wilson, A. C. and Wineland, D. J. and Allcock, D. T. C. and Slichter, D. H. and Libby, S. B.},
  year = {2019},
  month = mar,
  journal = {New Journal of Physics},
  volume = {21},
  number = {3},
  eprint = {1810.08300},
  eprinttype = {arxiv},
  pages = {033033},
  publisher = {{IOP Publishing}},
  issn = {1367-2630},
  doi = {10.1088/1367-2630/ab0be5},
  url = {http://stacks.iop.org/1367-2630/21/i=3/a=033033?key=crossref.0a38be9f23524daf3aca334ab6d309da},
  archiveprefix = {arXiv}
}

@article{Szalay2015,
  title = {Multipartite Entanglement Measures},
  author = {Szalay, Szil{\'a}rd},
  year = {2015},
  month = oct,
  journal = {Physical Review A},
  volume = {92},
  number = {4},
  eprint = {1503.06071},
  eprinttype = {arxiv},
  pages = {042329},
  issn = {1050-2947},
  doi = {10.1103/PhysRevA.92.042329},
  url = {https://link.aps.org/doi/10.1103/PhysRevA.92.042329},
  archiveprefix = {arXiv}
}

@article{Takahasi1973,
  title = {Double Exponential Formulas for Numerical Integration},
  author = {Takahasi, H. and Mori, M.},
  year = {1973},
  journal = {Publications of the Research Institute for Mathematical Sciences},
  volume = {9},
  number = {3},
  pages = {721--741},
  issn = {0034-5318},
  doi = {10.2977/prims/1195192451},
  url = {http://www.ems-ph.org/doi/10.2977/prims/1195192451}
}

@article{Talukdar2016,
  title = {Implications of Surface Noise for the Motional Coherence of Trapped Ions},
  author = {Talukdar, I. and Gorman, D. J. and Daniilidis, N. and Schindler, P. and Ebadi, S. and Kaufmann, H. and Zhang, T. and H{\"a}ffner, H.},
  year = {2016},
  month = apr,
  journal = {Physical Review A},
  volume = {93},
  number = {4},
  eprint = {1511.04819},
  eprinttype = {arxiv},
  pages = {043415},
  issn = {2469-9926},
  doi = {10.1103/PhysRevA.93.043415},
  url = {https://link.aps.org/doi/10.1103/PhysRevA.93.043415},
  archiveprefix = {arXiv}
}

@article{Thompson2015,
  title = {Ion {{Coulomb}} Crystals},
  author = {Thompson, R. C.},
  year = {2015},
  month = jan,
  journal = {Contemporary Physics},
  volume = {56},
  number = {1},
  eprint = {1106.1190},
  eprinttype = {arxiv},
  pages = {1--17},
  publisher = {{Taylor \& Francis}},
  issn = {0010-7514},
  doi = {10.1080/00107514.2014.989715},
  url = {http://www.tandfonline.com/doi/abs/10.1080/00107514.2014.989715},
  archiveprefix = {arXiv},
  isbn = {0921-4526}
}

@article{Timoney2008,
  title = {Error-Resistant Single-Qubit Gates with Trapped Ions},
  author = {Timoney, N. and Elman, V. and Glaser, S. and Weiss, C. and Johanning, M. and Neuhauser, W. and Wunderlich, Chr},
  year = {2008},
  month = may,
  journal = {Physical Review A},
  volume = {77},
  number = {5},
  eprint = {quant-ph/0612106v1},
  eprinttype = {arxiv},
  pages = {052334},
  issn = {1050-2947},
  doi = {10.1103/PhysRevA.77.052334},
  url = {https://link.aps.org/doi/10.1103/PhysRevA.77.052334},
  archiveprefix = {arXiv}
}

@article{Timoney2011,
  title = {Quantum Gates and Memory Using Microwave-Dressed States},
  author = {Timoney, N. and Baumgart, I. and Johanning, M. and Var{\'o}n, A. F. and Plenio, M. B. and Retzker, A. and Wunderlich, Ch.},
  year = {2011},
  month = aug,
  journal = {Nature},
  volume = {476},
  number = {7359},
  pages = {185--188},
  issn = {0028-0836, 1476-4687},
  doi = {10.1038/nature10319},
  url = {http://www.nature.com/articles/nature10319},
  urldate = {2022-02-10},
  langid = {english}
}

@phdthesis{Tranter2018,
  title = {Quantum {{Chemistry}} and {{Quantum Computers}}: {{Testing}} the {{Bravyi-Kitaev}} Mapping and {{Trotter}} Order Optimisations},
  author = {Tranter, Andrew},
  year = {2018},
  school = {Imperial College London}
}

@article{Turchette1998,
  title = {Deterministic {{Entanglement}} of {{Two Trapped Ions}}},
  author = {Turchette, Q. A. and Wood, C. S. and King, B. E. and Myatt, C. J. and Leibfried, D. and Itano, W. M. and Monroe, C. and Wineland, D. J.},
  year = {1998},
  month = oct,
  journal = {Physical Review Letters},
  volume = {81},
  number = {17},
  pages = {3631--3634},
  issn = {0031-9007, 1079-7114},
  doi = {10.1103/PhysRevLett.81.3631},
  url = {https://link.aps.org/doi/10.1103/PhysRevLett.81.3631},
  urldate = {2022-02-09},
  langid = {english}
}

@article{Turchette2000,
  title = {Decoherence and Decay of Motional Quantum States of a Trapped Atom Coupled to Engineered Reservoirs},
  author = {Turchette, Q. A. and Myatt, C. J. and King, B. E. and Sackett, C. A. and Kielpinski, D. and Itano, W. M. and Monroe, C. and Wineland, D. J.},
  year = {2000},
  month = oct,
  journal = {Physical Review A},
  volume = {62},
  number = {5},
  pages = {053807},
  issn = {1050-2947},
  doi = {10.1103/PhysRevA.62.053807},
  url = {https://link.aps.org/doi/10.1103/PhysRevA.62.053807},
  isbn = {1050-2947}
}

@article{Vandersypen2001,
  title = {Experimental Realization of {{Shor}}'s Quantum Factoring Algorithm Using Nuclear Magnetic Resonance},
  author = {Vandersypen, Lieven M. K. and Steffen, Matthias and Breyta, Gregory and Yannoni, Costantino S. and Sherwood, Mark H. and Chuang, Isaac L.},
  year = {2001},
  month = dec,
  journal = {Nature},
  volume = {414},
  number = {6866},
  pages = {883--887},
  issn = {0028-0836, 1476-4687},
  doi = {10.1038/414883a},
  url = {http://www.nature.com/articles/414883a},
  urldate = {2022-04-29},
  langid = {english}
}

@article{Veldhorst2015,
  title = {A Two-Qubit Logic Gate in Silicon},
  author = {Veldhorst, M. and Yang, C. H. and Hwang, J. C. C. and Huang, W. and Dehollain, J. P. and Muhonen, J. T. and Simmons, S. and Laucht, A. and Hudson, F. E. and Itoh, K. M. and Morello, A. and Dzurak, A. S.},
  year = {2015},
  month = oct,
  journal = {Nature},
  volume = {526},
  number = {7573},
  eprint = {1411.5760},
  eprinttype = {arxiv},
  pages = {410--414},
  issn = {0028-0836},
  doi = {10.1038/nature15263},
  url = {http://www.nature.com/articles/nature15263},
  archiveprefix = {arXiv}
}

@article{Verdeny2013,
  title = {Accurate {{Effective Hamiltonians}} via {{Unitary Flow}} in {{Floquet Space}}},
  author = {Verdeny, A. and Mielke, A. and Mintert, F.},
  year = {2013},
  month = oct,
  journal = {Physical Review Letters},
  volume = {111},
  number = {17},
  eprint = {1304.3584v2},
  eprinttype = {arxiv},
  pages = {175301},
  issn = {0031-9007},
  doi = {10.1103/PhysRevLett.111.175301},
  url = {https://link.aps.org/doi/10.1103/PhysRevLett.111.175301},
  archiveprefix = {arXiv}
}

@article{Verdeny2014,
  title = {Optimal {{Control}} of {{Effective Hamiltonians}}},
  author = {Verdeny, A. and Rudnicki, {\L}. and M{\"u}ller, C. A. and Mintert, F.},
  year = {2014},
  month = jul,
  journal = {Physical Review Letters},
  volume = {113},
  number = {1},
  eprint = {1401.7446},
  eprinttype = {arxiv},
  pages = {010501},
  issn = {0031-9007},
  doi = {10.1103/PhysRevLett.113.010501},
  url = {https://link.aps.org/doi/10.1103/PhysRevLett.113.010501},
  archiveprefix = {arXiv}
}

@article{Verdeny2015,
  title = {Tunable {{Chern}} Insulator with Optimally Shaken Lattices},
  author = {Verdeny, A. and Mintert, F.},
  year = {2015},
  journal = {Physical Review A},
  volume = {92},
  number = {6},
  pages = {1--9},
  issn = {10941622},
  doi = {10.1103/PhysRevA.92.063615}
}

@article{Verdeny2015a,
  title = {Structure-Dynamics Relation in Shaken Optical Lattices},
  author = {Verdeny, A. and Mintert, F.},
  year = {2015},
  month = sep,
  journal = {Physical Review A},
  volume = {92},
  number = {3},
  eprint = {1505.07698},
  eprinttype = {arxiv},
  pages = {033407},
  issn = {1050-2947},
  doi = {10.1103/PhysRevA.92.033407},
  url = {https://link.aps.org/doi/10.1103/PhysRevA.92.033407},
  archiveprefix = {arXiv}
}

@phdthesis{Verdeny2015b,
  title = {Optimally Driven Quantum Systems},
  author = {Verdeny, A.},
  year = {2015},
  school = {Imperial College London}
}

@article{Verdeny2016,
  title = {Quasi-{{Periodically Driven Quantum Systems}}},
  author = {Verdeny, A. and Puig, J. and Mintert, F.},
  year = {2016},
  month = jan,
  journal = {Zeitschrift f\"ur Naturforschung A},
  volume = {71},
  number = {10},
  eprint = {1603.03923},
  eprinttype = {arxiv},
  pages = {897--907},
  issn = {1865-7109},
  doi = {10.1515/zna-2016-0079},
  url = {https://www.degruyter.com/view/j/zna.2016.71.issue-10/zna-2016-0079/zna-2016-0079.xml},
  archiveprefix = {arXiv}
}

@phdthesis{VerdenyVilalta2015,
  title = {Optimally Driven Quantum Systems},
  author = {Verdeny Vilalta, Albert},
  year = {2015},
  langid = {english},
  school = {Imperial College London}
}

@article{Vijay2012,
  title = {Stabilizing {{Rabi}} Oscillations in a Superconducting Qubit Using Quantum Feedback},
  author = {Vijay, R. and MacKlin, C. and Slichter, D. H. and Weber, S. J. and Murch, K. W. and Naik, R. and Korotkov, A. N. and Siddiqi, I.},
  year = {2012},
  journal = {Nature},
  volume = {490},
  number = {7418},
  pages = {77--80},
  publisher = {{Nature Publishing Group}},
  issn = {00280836},
  doi = {10.1038/nature11505},
  url = {http://dx.doi.org/10.1038/nature11505}
}

@article{Viola1998,
  title = {Dynamical Suppression of Decoherence in Two-State Quantum Systems},
  author = {Viola, Lorenza and Lloyd, Seth},
  year = {1998},
  month = oct,
  journal = {Physical Review A},
  volume = {58},
  number = {4},
  pages = {2733--2744},
  issn = {1050-2947, 1094-1622},
  doi = {10.1103/PhysRevA.58.2733},
  url = {https://link.aps.org/doi/10.1103/PhysRevA.58.2733},
  urldate = {2022-03-15},
  langid = {english}
}

@article{Virtanen2020,
  title = {{{SciPy}} 1.0: Fundamental Algorithms for Scientific Computing in {{Python}}},
  shorttitle = {{{SciPy}} 1.0},
  author = {Virtanen, Pauli and Gommers, Ralf and Oliphant, Travis E. and Haberland, Matt and Reddy, Tyler and Cournapeau, David and Burovski, Evgeni and Peterson, Pearu and Weckesser, Warren and Bright, Jonathan and {van der Walt}, St{\'e}fan J. and Brett, Matthew and Wilson, Joshua and Millman, K. Jarrod and Mayorov, Nikolay and Nelson, Andrew R. J. and Jones, Eric and Kern, Robert and Larson, Eric and Carey, C J and Polat, {\.I}lhan and Feng, Yu and Moore, Eric W. and VanderPlas, Jake and Laxalde, Denis and Perktold, Josef and Cimrman, Robert and Henriksen, Ian and Quintero, E. A. and Harris, Charles R. and Archibald, Anne M. and Ribeiro, Ant{\^o}nio H. and Pedregosa, Fabian and {van Mulbregt}, Paul and {SciPy 1.0 Contributors} and Vijaykumar, Aditya and Bardelli, Alessandro Pietro and Rothberg, Alex and Hilboll, Andreas and Kloeckner, Andreas and Scopatz, Anthony and Lee, Antony and Rokem, Ariel and Woods, C. Nathan and Fulton, Chad and Masson, Charles and H{\"a}ggstr{\"o}m, Christian and Fitzgerald, Clark and Nicholson, David A. and Hagen, David R. and Pasechnik, Dmitrii V. and Olivetti, Emanuele and Martin, Eric and Wieser, Eric and Silva, Fabrice and Lenders, Felix and Wilhelm, Florian and Young, G. and Price, Gavin A. and Ingold, Gert-Ludwig and Allen, Gregory E. and Lee, Gregory R. and Audren, Herv{\'e} and Probst, Irvin and Dietrich, J{\"o}rg P. and Silterra, Jacob and Webber, James T and Slavi{\v c}, Janko and Nothman, Joel and Buchner, Johannes and Kulick, Johannes and Sch{\"o}nberger, Johannes L. and {de Miranda Cardoso}, Jos{\'e} Vin{\'i}cius and Reimer, Joscha and Harrington, Joseph and Rodr{\'i}guez, Juan Luis Cano and {Nunez-Iglesias}, Juan and Kuczynski, Justin and Tritz, Kevin and Thoma, Martin and Newville, Matthew and K{\"u}mmerer, Matthias and Bolingbroke, Maximilian and Tartre, Michael and Pak, Mikhail and Smith, Nathaniel J. and Nowaczyk, Nikolai and Shebanov, Nikolay and Pavlyk, Oleksandr and Brodtkorb, Per A. and Lee, Perry and McGibbon, Robert T. and Feldbauer, Roman and Lewis, Sam and Tygier, Sam and Sievert, Scott and Vigna, Sebastiano and Peterson, Stefan and More, Surhud and Pudlik, Tadeusz and Oshima, Takuya and Pingel, Thomas J. and Robitaille, Thomas P. and Spura, Thomas and Jones, Thouis R. and Cera, Tim and Leslie, Tim and Zito, Tiziano and Krauss, Tom and Upadhyay, Utkarsh and Halchenko, Yaroslav O. and {V{\'a}zquez-Baeza}, Yoshiki},
  year = {2020},
  month = mar,
  journal = {Nature Methods},
  volume = {17},
  number = {3},
  pages = {261--272},
  issn = {1548-7091, 1548-7105},
  doi = {10.1038/s41592-019-0686-2},
  url = {http://www.nature.com/articles/s41592-019-0686-2},
  urldate = {2022-02-14},
  langid = {english}
}

@article{vonPrillwitz2015,
  title = {Contrast in Multipath Interference and Quantum Coherence},
  author = {{von Prillwitz}, K. and Rudnicki, {\L}. and Mintert, F.},
  year = {2015},
  month = nov,
  journal = {Physical Review A},
  volume = {92},
  number = {5},
  eprint = {1409.1814},
  eprinttype = {arxiv},
  pages = {052114},
  issn = {1050-2947},
  doi = {10.1103/PhysRevA.92.052114},
  url = {https://link.aps.org/doi/10.1103/PhysRevA.92.052114},
  archiveprefix = {arXiv},
  isbn = {1050-2947\textbackslash r1094-1622}
}

@article{Wan2019,
  title = {Quantum Gate Teleportation between Separated Qubits in a Trapped-Ion Processor},
  author = {Wan, Yong and Kienzler, Daniel and Erickson, Stephen D. and Mayer, Karl H. and Tan, Ting Rei and Wu, Jenny J. and Vasconcelos, Hilma M. and Glancy, Scott and Knill, Emanuel and Wineland, David J. and Wilson, Andrew C. and Leibfried, Dietrich},
  year = {2019},
  month = may,
  journal = {Science},
  volume = {364},
  number = {6443},
  eprint = {1902.02891},
  eprinttype = {arxiv},
  pages = {875--878},
  issn = {0036-8075},
  doi = {10.1126/science.aaw9415},
  url = {http://www.sciencemag.org/lookup/doi/10.1126/science.aaw9415},
  archiveprefix = {arXiv}
}

@article{Wan2019a,
  title = {Quantum Gate Teleportation between Separated Zones of a Trapped-Ion Processor},
  author = {Wan, Yong and Kienzler, Daniel and Erickson, Stephen D. and Mayer, Karl H. and Tan, Ting Rei and Wu, Jenny J. and Vasconcelos, Hilma M. and Glancy, Scott and Knill, Emanuel and Wineland, David J. and Wilson, Andrew C. and Leibfried, Dietrich},
  year = {2019},
  volume = {878},
  number = {May},
  eprint = {1902.02891},
  eprinttype = {arxiv},
  pages = {875--878},
  url = {http://arxiv.org/abs/1902.02891},
  archiveprefix = {arXiv}
}

@article{Wang2001,
  title = {Multibit Gates for Quantum Computing},
  author = {Wang, Xi. and S{\o}rensen, A. and M{\o}lmer, K.},
  year = {2001},
  journal = {Physical Review Letters},
  volume = {86},
  number = {17},
  eprint = {quant-ph/0012055},
  eprinttype = {arxiv},
  pages = {3907--3910},
  issn = {00319007},
  doi = {10.1103/PhysRevLett.86.3907},
  archiveprefix = {arXiv},
  pmid = {11329354}
}

@article{Wang2017,
  title = {Single-Qubit Quantum Memory Exceeding Ten-Minute Coherence Time},
  author = {Wang, Y. and Um, M. and Zhang, J. and An, S. and Lyu, M. and Zhang, J.-N. and Duan, L.-M. and Yum, D. and Kim, K.},
  year = {2017},
  month = oct,
  journal = {Nature Photonics},
  volume = {11},
  number = {10},
  eprint = {1701.04195},
  eprinttype = {arxiv},
  pages = {646--650},
  publisher = {{Springer US}},
  issn = {1749-4885},
  doi = {10.1038/s41566-017-0007-1},
  url = {http://dx.doi.org/10.1038/s41566-017-0007-1},
  archiveprefix = {arXiv},
  isbn = {4156601700071}
}

@article{Wang2017a,
  title = {Experimental Quantum {{Hamiltonian}} Learning},
  author = {Wang, Jianwei and Paesani, Stefano and Santagati, Raffaele and Knauer, Sebastian and Gentile, Antonio A. and Wiebe, Nathan and Petruzzella, Maurangelo and O'brien, Jeremy L. and Rarity, John G. and Laing, Anthony and Thompson, Mark G.},
  year = {2017},
  journal = {Nature Physics},
  volume = {13},
  number = {6},
  eprint = {1703.05402},
  eprinttype = {arxiv},
  pages = {551--555},
  issn = {17452481},
  doi = {10.1038/nphys4074},
  archiveprefix = {arXiv}
}

@article{Wang2021,
  title = {Single Ion Qubit with Estimated Coherence Time Exceeding One Hour},
  author = {Wang, Pengfei and Luan, Chun-Yang and Qiao, Mu and Um, Mark and Zhang, Junhua and Wang, Ye and Yuan, Xiao and Gu, Mile and Zhang, Jingning and Kim, Kihwan},
  year = {2021},
  month = dec,
  journal = {Nature Communications},
  volume = {12},
  number = {1},
  pages = {233},
  issn = {2041-1723},
  doi = {10.1038/s41467-020-20330-w},
  url = {http://www.nature.com/articles/s41467-020-20330-w},
  urldate = {2022-02-10},
  langid = {english}
}

@article{Webb2018,
  title = {Resilient {{Entangling Gates}} for {{Trapped Ions}}},
  author = {Webb, A. E. and Webster, S. C. and Collingbourne, S. and Bretaud, D. and Lawrence, A. M. and Weidt, S. and Mintert, F. and Hensinger, W. K.},
  year = {2018},
  month = nov,
  journal = {Physical Review Letters},
  volume = {121},
  number = {18},
  eprint = {1805.07351},
  eprinttype = {arxiv},
  pages = {180501},
  publisher = {{American Physical Society}},
  issn = {0031-9007},
  doi = {10.1103/PhysRevLett.121.180501},
  url = {http://arxiv.org/abs/1805.07351},
  archiveprefix = {arXiv}
}

@phdthesis{Webster2005,
  title = {Raman {{Sideband Cooling}} and {{Coherent Manipulation}} of {{Trapped Ions}}},
  author = {Webster, Simon},
  year = {2005},
  school = {University of Oxford}
}

@article{Webster2013,
  title = {Simple {{Manipulation}} of a {{Microwave Dressed-State Ion Qubit}}},
  author = {Webster, S. C. and Weidt, S. and Lake, K. and McLoughlin, J. J. and Hensinger, W. K.},
  year = {2013},
  month = oct,
  journal = {Physical Review Letters},
  volume = {111},
  number = {14},
  pages = {140501},
  issn = {0031-9007, 1079-7114},
  doi = {10.1103/PhysRevLett.111.140501},
  url = {https://link.aps.org/doi/10.1103/PhysRevLett.111.140501},
  urldate = {2022-02-10},
  langid = {english}
}

@article{Weidt2015,
  title = {Ground-{{State Cooling}} of a {{Trapped Ion Using Long-Wavelength Radiation}}},
  author = {Weidt, S. and Randall, J. and Webster, S. C. and Standing, E. D. and Rodriguez, A. and Webb, A. E. and Lekitsch, B. and Hensinger, W. K.},
  year = {2015},
  month = jun,
  journal = {Physical Review Letters},
  volume = {115},
  number = {1},
  pages = {013002},
  issn = {0031-9007},
  doi = {10.1103/PhysRevLett.115.013002},
  url = {https://link.aps.org/doi/10.1103/PhysRevLett.115.013002}
}

@article{Weidt2016,
  title = {Trapped-{{Ion Quantum Logic}} with {{Global Radiation Fields}}},
  author = {Weidt, S. and Randall, J. and Webster, S. C. and Lake, K. and Webb, A. E. and Cohen, I. and Navickas, T. and Lekitsch, B. and Retzker, A. and Hensinger, W. K.},
  year = {2016},
  month = nov,
  journal = {Physical Review Letters},
  volume = {117},
  number = {22},
  eprint = {1603.03384},
  eprinttype = {arxiv},
  pages = {220501},
  issn = {0031-9007},
  doi = {10.1103/PhysRevLett.117.220501},
  url = {https://link.aps.org/doi/10.1103/PhysRevLett.117.220501},
  archiveprefix = {arXiv}
}

@article{Wendin2017,
  title = {Quantum Information Processing with Superconducting Circuits: A Review},
  author = {Wendin, G.},
  year = {2017},
  month = oct,
  journal = {Reports on Progress in Physics},
  volume = {80},
  number = {10},
  eprint = {1610.02208},
  eprinttype = {arxiv},
  pages = {106001},
  publisher = {{IOP Publishing}},
  issn = {0034-4885},
  doi = {10.1088/1361-6633/aa7e1a},
  url = {https://iopscience.iop.org/article/10.1088/1361-6633/aa7e1a},
  archiveprefix = {arXiv},
  pmid = {28682303}
}

@phdthesis{Widmer2018,
  title = {Adaptive {{Bayesian Calibration}} of {{Two Rabi Frequencies}} from {{Collective Two-Qubit Measurements}}},
  author = {Widmer, Nicole},
  year = {2018},
  school = {ETH Z\"urich}
}

@article{Wiebe2014,
  title = {Quantum {{Hamiltonian}} Learning Using Imperfect Quantum Resources},
  author = {Wiebe, Nathan and Granade, Christopher and Ferrie, Christopher and Cory, David},
  year = {2014},
  journal = {Physical Review A},
  volume = {89},
  number = {4},
  eprint = {1311.5269},
  eprinttype = {arxiv},
  pages = {1--16},
  issn = {10941622},
  doi = {10.1103/PhysRevA.89.042314},
  archiveprefix = {arXiv}
}

@article{Wiebe2014a,
  title = {Hamiltonian Learning and Certification Using Quantum Resources},
  author = {Wiebe, Nathan and Granade, Christopher and Ferrie, Christopher and Cory, D. G.},
  year = {2014},
  journal = {Physical Review Letters},
  volume = {112},
  number = {19},
  eprint = {1309.0876},
  eprinttype = {arxiv},
  pages = {1--5},
  issn = {10797114},
  doi = {10.1103/PhysRevLett.112.190501},
  archiveprefix = {arXiv}
}

@article{Wilpers2012,
  title = {A Monolithic Array of Three-Dimensional Ion Traps Fabricated with Conventional Semiconductor Technology},
  author = {Wilpers, G. and See, P. and Gill, P. and Sinclair, A. G.},
  year = {2012},
  month = sep,
  journal = {Nature Nanotechnology},
  volume = {7},
  number = {9},
  pages = {572--576},
  publisher = {{Nature Publishing Group}},
  issn = {1748-3387},
  doi = {10.1038/nnano.2012.126},
  url = {http://dx.doi.org/10.1038/nnano.2012.126},
  isbn = {1748-3387},
  pmid = {22820742}
}

@article{Wilson1927,
  title = {Probable {{Inference}}, the {{Law}} of {{Succession}}, and {{Statistical Inference}}},
  author = {Wilson, Edwin B.},
  year = {1927},
  month = jun,
  journal = {Journal of the American Statistical Association},
  volume = {22},
  number = {158},
  pages = {209--212},
  issn = {0162-1459, 1537-274X},
  doi = {10.1080/01621459.1927.10502953},
  url = {http://www.tandfonline.com/doi/abs/10.1080/01621459.1927.10502953},
  urldate = {2022-03-13},
  langid = {english}
}

@article{Wineland1978,
  title = {Radiation-{{Pressure Cooling}} of {{Bound Resonant Absorbers}}},
  author = {Wineland, D. J. and Drullinger, R. E. and Walls, F. L.},
  year = {1978},
  month = jun,
  journal = {Physical Review Letters},
  volume = {40},
  number = {25},
  eprint = {1011.1669v3},
  eprinttype = {arxiv},
  pages = {1639--1642},
  issn = {0031-9007},
  doi = {10.1103/PhysRevLett.40.1639},
  url = {https://link.aps.org/doi/10.1103/PhysRevLett.40.1639},
  archiveprefix = {arXiv},
  isbn = {0031-9007},
  pmid = {25246403}
}

@article{Wineland1979,
  title = {Laser Cooling of Atoms},
  author = {Wineland, D. J. and Itano, W. M.},
  year = {1979},
  journal = {Physical Review A},
  volume = {20},
  number = {4},
  pages = {1521--1540},
  issn = {10502947},
  doi = {10.1103/PhysRevA.20.1521},
  isbn = {9788578110796},
  pmid = {25246403}
}

@article{Winter2016,
  title = {Operational {{Resource Theory}} of {{Coherence}}},
  author = {Winter, Andreas and Yang, Dong},
  year = {2016},
  month = mar,
  journal = {Physical Review Letters},
  volume = {116},
  number = {12},
  eprint = {1506.07975},
  eprinttype = {arxiv},
  pages = {120404},
  issn = {0031-9007},
  doi = {10.1103/PhysRevLett.116.120404},
  url = {https://link.aps.org/doi/10.1103/PhysRevLett.116.120404},
  archiveprefix = {arXiv}
}

@phdthesis{Witt2016,
  title = {Complete {{Positivity}} of {{Non-Markovian Quantum Dynamics}}},
  author = {Witt, Bj{\"o}rn},
  year = {2016},
  school = {Imperial College London}
}

@article{Wolk2017,
  title = {Quantum Dynamics of Trapped Ions in a Dynamic Field Gradient Using Dressed States},
  author = {W{\"o}lk, S. and Wunderlich, C.},
  year = {2017},
  month = aug,
  journal = {New Journal of Physics},
  volume = {19},
  number = {8},
  eprint = {1606.04821},
  eprinttype = {arxiv},
  pages = {083021},
  publisher = {{IOP Publishing}},
  issn = {1367-2630},
  doi = {10.1088/1367-2630/aa7b22},
  url = {http://stacks.iop.org/1367-2630/19/i=8/a=083021?key=crossref.e33b6aba36965321c9366bacd742ee30},
  archiveprefix = {arXiv}
}

@book{Woodgate1980,
  title = {Elementary Atomic Structure},
  author = {Woodgate, Gordon Kemble},
  year = {1980},
  edition = {2. ed., reprinted},
  publisher = {{Clarendon Press}},
  address = {{Oxford}},
  isbn = {978-0-19-851156-4},
  langid = {english}
}

@phdthesis{Woodrow2015,
  title = {Linear {{Paul}} Trap Design for High-Fidelity, Scalable Quantum Information Processing},
  author = {Woodrow, Sarah R},
  year = {2015},
  langid = {english},
  school = {University of Oxford}
}

@article{Wright2019,
  title = {Benchmarking an 11-Qubit Quantum Computer},
  author = {Wright, K. and Beck, K. M. and Debnath, S. and Amini, J. M. and Nam, Y. and Grzesiak, N. and Chen, J.-S. and Pisenti, N. C. and Chmielewski, M. and Collins, C. and Hudek, K. M. and Mizrahi, J. and {Wong-Campos}, J. D. and Allen, S. and Apisdorf, J. and Solomon, P. and Williams, M. and Ducore, A. M. and Blinov, A. and Kreikemeier, S. M. and Chaplin, V. and Keesan, M. and Monroe, C. and Kim, J.},
  year = {2019},
  month = dec,
  journal = {Nature Communications},
  volume = {10},
  number = {1},
  pages = {5464},
  issn = {2041-1723},
  doi = {10.1038/s41467-019-13534-2},
  url = {http://www.nature.com/articles/s41467-019-13534-2},
  urldate = {2022-03-15},
  langid = {english}
}

@article{Yuan2015,
  title = {Intrinsic Randomness as a Measure of Quantum Coherence},
  author = {Yuan, Xiao and Zhou, Hongyi and Cao, Zhu and Ma, Xiongfeng},
  year = {2015},
  month = aug,
  journal = {Physical Review A},
  volume = {92},
  number = {2},
  eprint = {1505.04032},
  eprinttype = {arxiv},
  pages = {022124},
  issn = {1050-2947},
  doi = {10.1103/PhysRevA.92.022124},
  url = {https://link.aps.org/doi/10.1103/PhysRevA.92.022124},
  archiveprefix = {arXiv}
}

@article{Zarantonello2019,
  title = {Robust and {{Resource-Efficient Microwave Near-Field Entangling}} {\textsuperscript{9}}{{Be}}{\textsuperscript{+}} {{Gate}}},
  author = {Zarantonello, G. and Hahn, H. and Morgner, J. and Schulte, M. and {Bautista-Salvador}, A. and Werner, R. F. and Hammerer, K. and Ospelkaus, C.},
  year = {2019},
  month = dec,
  journal = {Physical Review Letters},
  volume = {123},
  number = {26},
  pages = {260503},
  publisher = {{American Physical Society}},
  issn = {0031-9007},
  doi = {10.1103/PhysRevLett.123.260503},
  url = {https://doi.org/10.1103/PhysRevLett.123.260503}
}

@article{Zhang2020,
  title = {High-Fidelity Superconducting Quantum Processors via Laser-Annealing of Transmon Qubits},
  author = {Zhang, Eric J. and Srinivasan, Srikanth and Sundaresan, Neereja and Bogorin, Daniela F. and Martin, Yves and Hertzberg, Jared B. and Timmerwilke, John and Pritchett, Emily J. and Yau, Jeng-Bang and Wang, Cindy and Landers, William and Lewandowski, Eric P. and Narasgond, Adinath and Rosenblatt, Sami and Keefe, George A. and Lauer, Isaac and Rothwell, Mary Beth and McClure, Douglas T. and Dial, Oliver E. and Orcutt, Jason S. and Brink, Markus and Chow, Jerry M.},
  year = {2020},
  month = dec,
  eprint = {2012.08475},
  eprinttype = {arxiv},
  url = {http://arxiv.org/abs/2012.08475},
  urldate = {2022-04-29},
  archiveprefix = {arXiv},
  langid = {english}
}

@article{Zhong2018,
  title = {Generation and Stabilization of Entangled Coherent States for the Vibrational Modes of a Trapped Ion},
  author = {Zhong, Zhi-Rong and Huang, Xin-Jie and Yang, Zhen-Biao and Shen, Li-Tuo and Zheng, Shi-Biao},
  year = {2018},
  month = sep,
  journal = {Physical Review A},
  volume = {98},
  number = {3},
  pages = {032311},
  publisher = {{American Physical Society}},
  issn = {2469-9926},
  doi = {10.1103/PhysRevA.98.032311},
  url = {https://link.aps.org/doi/10.1103/PhysRevA.98.032311}
}


