@control{bibstylecontrol,
    key="0",
    author="48",
    editor="1",
    pages="0",
    title="1",
    year="1",
    eprint="0",
}
